month,city,total_sales
2019-01,College Station,1261.17
2019-01,Weslaco,3149.2100000000005
2019-01,Lake Jackson,266.70000000000005
2019-01,Houston,1476.6799999999998
2019-01,Rosenberg,819.39
2019-01,Pflugerville,2296.88
2019-01,El Paso,1052.6999999999998
2019-01,Mesquite,277.34
2019-01,Longview,1074.21
2019-01,Brownsville,1227.14
2019-01,Del Rio,1013.5999999999999
2019-01,Sugar Land,164.28
2019-01,Laredo,587.6
2019-01,Rowlett,668.8499999999999
2019-01,San Antonio,2187.97
2019-01,Corpus Christi,2178.05
2019-01,Lubbock,1233.96
2019-01,DeSoto,760.04
2019-01,Nacogdoches,269.44
2019-01,New Braunfels,1443.71
2019-01,Amarillo,722.41
2019-01,Cleburne,567.48
2019-01,Cedar Park,2639.0499999999997
2019-01,Seguin,747.12
2019-01,Austin,1125.76
2019-01,Tyler,832.5
2019-01,Hurst,547.9200000000001
2019-01,Odessa,1125.24
2019-01,Alamo,942.96
2019-01,San Marcos,855.49
2019-01,Waxahachie,1673.85
2019-01,Missouri City,1143.81
2019-01,Grapevine,2643.47
2019-01,Bryan,1603.82
2019-01,Kerrville,942.56
2019-01,Galveston,1442.04
2019-01,Canyon,721.54
2019-01,Port Arthur,759.44
2019-01,Euless,2962.93
2019-01,Lancaster,910.39
2019-01,Midland,1462.6999999999998
2019-01,Schertz,832.3000000000001
2019-01,Mansfield,1623.31
2019-01,Haltom City,468.25
2019-01,North Richland Hills,2652.7999999999997
2019-01,Pharr,1091.46
2019-01,Southlake,2023.6
2019-01,Conroe,641.9
2019-01,Edinburg,586.1300000000001
2019-01,Farmers Branch,1458.9499999999998
2019-01,Pasadena,456.38
2019-01,Texas City,699.7199999999999
2019-01,Lewisville,522.05
2019-01,Lufkin,1927.61
2019-01,Friendswood,1298.23
2019-01,Bedford,1263.23
2019-01,McAllen,1305.5700000000002
2019-01,Garland,1387.1499999999999
2019-01,Killeen,729.33
2019-01,Round Rock,1866.16
2019-01,San Angelo,988.2
2019-01,Dallas,1323.4
2019-01,Coppell,430.05
2019-01,Carrollton,797.11
2019-01,Victoria,271.81
2019-01,Big Spring,2317.3500000000004
2019-01,Georgetown,963.41
2019-01,Weatherford,1454.58
2019-01,Little Elm,906.3100000000001
2019-01,McKinney,2945.47
2019-01,Alice,1379.5500000000002
2019-01,Sherman,264.45000000000005
2019-01,Fort Worth,887.76
2019-01,Pearland,1040.92
2019-01,Temple,333.39
2019-01,Mineral Wells,1686.0899999999997
2019-01,Burleson,1278.3899999999999
2019-01,Arlington,1272.09
2019-01,League City,396.36
2019-01,Richardson,1133.19
2019-01,Abilene,519.07
2019-01,Rockwall,1911.16
2019-01,Angleton,1006.01
2019-01,Eagle Pass,1621.33
2019-01,Brownwood,646.6
2019-01,Grand Prairie,493.98
2019-01,Plano,2072.13
2019-01,Waco,376.03999999999996
2019-01,Irving,665.0799999999999
2019-01,Allen,1225.54
2019-01,Denton,677.4
2019-01,Harlingen,881.0600000000001
2019-01,Flower Mound,765.7600000000001
2019-01,Frisco,888.93
2019-01,Huntsville,643.53
2019-01,Mission,98.2
2019-01,La Porte,1576.93
2019-02,Weslaco,3131.07
2019-02,Mesquite,2438.8
2019-02,Hurst,2668.92
2019-02,Odessa,610.8
2019-02,Rowlett,699.4200000000001
2019-02,Alamo,260.05
2019-02,Pasadena,1207.26
2019-02,Schertz,228
2019-02,Eagle Pass,635.44
2019-02,Del Rio,1022.48
2019-02,Huntsville,1435.6799999999998
2019-02,Arlington,529.9
2019-02,Nacogdoches,2843.66
2019-02,Fort Worth,2212.2
2019-02,Sugar Land,1233.44
2019-02,Grapevine,1661.27
2019-02,Haltom City,681.63
2019-02,San Angelo,674.8699999999999
2019-02,Rosenberg,836.77
2019-02,Missouri City,414.96
2019-02,Little Elm,283.28000000000003
2019-02,Flower Mound,529.53
2019-02,McAllen,495
2019-02,Canyon,1440.28
2019-02,Frisco,812.52
2019-02,Cleburne,1768.31
2019-02,Big Spring,1356.84
2019-02,Lufkin,1225.1000000000001
2019-02,Weatherford,542.42
2019-02,Pflugerville,1958.28
2019-02,Lewisville,48.61
2019-02,Cedar Park,513.02
2019-02,Mineral Wells,739.3999999999999
2019-02,DeSoto,272.78000000000003
2019-02,Kerrville,39.48
2019-02,Garland,1583.2700000000002
2019-02,Pharr,1724.45
2019-02,Irving,848.0500000000001
2019-02,New Braunfels,794.11
2019-02,Coppell,817.94
2019-02,Plano,1217.37
2019-02,Brownwood,949.5999999999999
2019-02,Euless,1485.6800000000003
2019-02,Richardson,212.72
2019-02,Abilene,1493.0700000000002
2019-02,Alice,30.41
2019-02,Waxahachie,1775.6399999999999
2019-02,McKinney,1614.1999999999998
2019-02,Texas City,841.9000000000001
2019-02,San Antonio,1499.1100000000001
2019-02,Southlake,1126.44
2019-02,Grand Prairie,180.09
2019-02,College Station,390.96999999999997
2019-02,Bryan,1955.7800000000002
2019-02,Laredo,1189.77
2019-02,Bedford,1968.2599999999998
2019-02,San Marcos,1395.39
2019-02,Lake Jackson,418.29999999999995
2019-02,Galveston,1568.2600000000002
2019-02,Dallas,524.7
2019-02,Denton,1020.6400000000001
2019-02,Tyler,240.72
2019-02,Mission,353.28
2019-02,Allen,286.26
2019-02,Baytown,925.6600000000001
2019-02,Angleton,1686.9499999999998
2019-02,Pearland,616.55
2019-02,Waco,2373.45
2019-02,Friendswood,798.45
2019-02,Midland,823.14
2019-02,Round Rock,1165.4699999999998
2019-02,Farmers Branch,516.66
2019-02,Mansfield,1260.6000000000001
2019-02,Seguin,1162.08
2019-02,Sherman,991.21
2019-02,Longview,884.71
2019-02,Edinburg,989.8000000000001
2019-02,Harlingen,241.87999999999997
2019-02,La Porte,609.24
2019-02,Port Arthur,535.67
2019-02,El Paso,82.14
2019-02,League City,2285.76
2019-02,Austin,178.92
2019-02,Rockwall,641.65
2019-02,Temple,1563.44
2019-02,Amarillo,940.75
2019-02,Killeen,1561.99
2019-02,Lancaster,278.41999999999996
2019-02,Georgetown,1817.7800000000002
2019-02,North Richland Hills,699.6600000000001
2019-03,Round Rock,945.71
2019-03,Mission,384.58
2019-03,Pflugerville,744.09
2019-03,Nacogdoches,227.54
2019-03,Fort Worth,1477.6799999999998
2019-03,Euless,1443.1299999999999
2019-03,Harlingen,586.86
2019-03,Alice,829.9499999999999
2019-03,McAllen,1184.54
2019-03,Frisco,193.5
2019-03,Mineral Wells,915.4399999999998
2019-03,Big Spring,2649.46
2019-03,Southlake,614.02
2019-03,Sugar Land,483.52
2019-03,Mesquite,655.78
2019-03,Seguin,224.43
2019-03,Alamo,726.34
2019-03,Little Elm,1065.96
2019-03,Kerrville,1973.23
2019-03,Weatherford,522.6
2019-03,McKinney,1010.04
2019-03,Austin,580.97
2019-03,North Richland Hills,2017.3500000000001
2019-03,Friendswood,683.29
2019-03,San Marcos,1955.6299999999997
2019-03,Irving,423.98
2019-03,Mansfield,890.73
2019-03,Richardson,2363.6900000000005
2019-03,Longview,229.41000000000003
2019-03,La Porte,778.3
2019-03,New Braunfels,509.6
2019-03,Weslaco,2506.5099999999998
2019-03,Pearland,79.44
2019-03,Lufkin,553.48
2019-03,Arlington,657.4200000000001
2019-03,Rockwall,1828.89
2019-03,Tyler,345.61
2019-03,El Paso,280.62
2019-03,Baytown,2195.73
2019-03,Brownsville,1348.2700000000002
2019-03,Victoria,194.21999999999997
2019-03,Coppell,660.9499999999999
2019-03,Edinburg,697.81
2019-03,Rosenberg,1926.7599999999998
2019-03,Cleburne,3127.48
2019-03,League City,471.73
2019-03,Abilene,378.68
2019-03,Galveston,1698.92
2019-03,Lubbock,1171.5800000000002
2019-03,Lancaster,2013.5400000000002
2019-03,Sherman,264.56
2019-03,Flower Mound,1598.7600000000002
2019-03,Grapevine,724.72
2019-03,Hurst,1560.1699999999998
2019-03,Grand Prairie,1285.8500000000001
2019-03,DeSoto,876.9100000000001
2019-03,Carrollton,769.99
2019-03,Dallas,313.02
2019-03,Missouri City,1355.8899999999999
2019-03,Canyon,994.52
2019-03,Farmers Branch,968.9200000000001
2019-03,College Station,799.9499999999999
2019-03,Waxahachie,2865.8399999999997
2019-03,Brownwood,1194.2399999999998
2019-03,Killeen,2268.44
2019-03,Denton,1159.3500000000001
2019-03,Houston,2195
2019-03,Texas City,1046.19
2019-03,Conroe,1240.56
2019-03,Haltom City,2023.53
2019-03,Eagle Pass,1168.4
2019-03,Laredo,470.25000000000006
2019-03,Rowlett,1630.1
2019-03,Temple,614.16
2019-03,Cedar Park,724.04
2019-03,Lake Jackson,792.9000000000001
2019-03,Schertz,1569.13
2019-03,San Angelo,419.51
2019-03,Port Arthur,615.2600000000001
2019-03,Lewisville,1248.1799999999998
2019-03,Corpus Christi,721.8799999999999
2019-03,Allen,324.7
2019-03,Pasadena,916.1600000000001
2019-03,Amarillo,1138.3000000000002
2019-03,Pharr,1371
2019-03,Waco,1639.68
2019-03,Odessa,734.28
2019-03,Bryan,2383.1099999999997
2019-03,Burleson,870.8299999999999
2019-03,Del Rio,653.63
2019-03,Garland,1074.97
2019-03,Midland,1470.2099999999998
2019-03,Plano,123.84
2019-03,Angleton,389.04999999999995
2019-03,San Antonio,3086.48
2019-03,Georgetown,1157.89
2020-01,Conroe,166
2020-01,Houston,30
2020-01,Tyler,358
2020-01,Rosenberg,270
2020-01,Sherman,40
2020-01,La Porte,57
2020-01,Schertz,60
2020-01,Georgetown,47
2020-01,Brownwood,154
2020-01,Rockwall,185
2020-01,Fort Worth,80
2020-01,Round Rock,515
2020-01,Grand Prairie,166
2020-01,Sugar Land,190
2020-01,North Richland Hills,33
2020-01,Weatherford,38
2020-01,Lufkin,98
2020-01,Angleton,48
2020-01,Big Spring,171
2020-01,Texas City,210
2020-01,Allen,61
2020-01,Burleson,271
2020-01,Laredo,99
2020-01,Midland,24
2020-01,Nacogdoches,95
2020-01,Port Arthur,225
2020-01,Killeen,61
2020-01,McKinney,76
2020-01,Richardson,136
2020-01,Temple,110
2020-01,Seguin,60
2020-01,Grapevine,102
2020-01,Farmers Branch,57
2020-01,San Marcos,66
2020-01,Coppell,63
2020-01,Eagle Pass,29
2020-01,Southlake,76
2020-01,San Antonio,258
2020-01,Alamo,138
2020-01,League City,114
2020-01,Cleburne,146
2020-01,Denton,77
2020-01,Galveston,52
2020-01,Abilene,35
2020-01,Pflugerville,222
2020-01,Waco,45
2020-01,Haltom City,375
2020-01,Mission,255
2020-01,Lancaster,25
2020-01,Victoria,216
2020-01,Bryan,286
2020-02,Conroe,75
2020-02,Farmers Branch,381
2020-02,Missouri City,48
2020-02,Pasadena,46
2020-02,Baytown,379
2020-02,Grapevine,213
2020-02,San Angelo,94
2020-02,DeSoto,152
2020-02,Waxahachie,284
2020-02,Nacogdoches,308
2020-02,New Braunfels,70
2020-02,Arlington,50
2020-02,Alamo,231
2020-02,El Paso,23
2020-02,Grand Prairie,50
2020-02,Euless,68
2020-02,Rockwall,206
2020-02,Pearland,54
2020-02,Eagle Pass,156
2020-02,Del Rio,73
2020-02,Lake Jackson,74
2020-02,Odessa,170
2020-02,Plano,134
2020-02,Midland,157
2020-02,Austin,134
2020-02,Weslaco,306
2020-02,Kerrville,235
2020-02,Canyon,36
2020-02,Temple,141
2020-02,Schertz,441
2020-02,Sherman,317
2020-02,Rowlett,178
2020-02,Brownsville,233
2020-02,Texas City,52
2020-02,San Antonio,152
2020-02,Mission,249
2020-02,Denton,30
2020-02,Rosenberg,88
2020-02,Southlake,72
2020-02,Waco,181
2020-02,Houston,82
2020-02,Port Arthur,119
2020-02,Mineral Wells,164
2020-02,Alice,38
2020-02,Angleton,37
2020-02,Weatherford,27
2020-02,Allen,227
2020-03,Mineral Wells,150
2020-03,Laredo,24
2020-03,Weslaco,312
2020-03,Sherman,21
2020-03,Plano,51
2020-03,Bryan,124
2020-03,Port Arthur,225
2020-03,Euless,228
2020-03,Cedar Park,32
2020-03,Rosenberg,219
2020-03,Irving,147
2020-03,San Marcos,129
2020-03,Coppell,38
2020-03,Victoria,120
2020-03,Galveston,426
2020-03,Brownwood,30
2020-03,El Paso,198
2020-03,San Antonio,365
2020-03,Pharr,192
2020-03,College Station,78
2020-03,Huntsville,42
2020-03,Lubbock,164
2020-03,Farmers Branch,81
2020-03,Cleburne,72
2020-03,Fort Worth,206
2020-03,Alice,22
2020-03,Conroe,96
2020-03,Waco,17
2020-03,Rockwall,49
2020-03,Temple,140
2020-03,Kerrville,83
2020-03,Richardson,72
2020-03,Corpus Christi,225
2020-03,Texas City,274
2020-03,Alamo,204
2020-03,Friendswood,207
2020-03,Big Spring,156
2020-03,Pearland,21
2020-03,Odessa,131
2020-03,Waxahachie,100
2020-03,Midland,192
2020-03,Sugar Land,156
2020-03,Mission,173
2020-03,Rowlett,94
2020-03,Schertz,102
2020-04,Rosenberg,19
2020-04,La Porte,140
2020-04,Huntsville,45
2020-04,Killeen,136
2020-04,Nacogdoches,126
2020-04,Edinburg,123
2020-04,Houston,54
2020-04,Seguin,65
2020-04,Texas City,60
2020-04,DeSoto,69
2020-04,Richardson,446
2020-04,Waxahachie,180
2020-04,El Paso,60
2020-04,Little Elm,390
2020-04,Pharr,156
2020-04,Friendswood,142
2020-04,Kerrville,240
2020-04,Rowlett,205
2020-04,Port Arthur,177
2020-04,Cedar Park,234
2020-04,Sugar Land,126
2020-04,San Marcos,156
2020-04,Grand Prairie,123
2020-04,San Antonio,254
2020-04,League City,32
2020-04,Round Rock,84
2020-04,Del Rio,82
2020-04,Denton,237
2020-04,Lufkin,49
2020-04,Corpus Christi,313
2020-04,Temple,86
2020-04,Flower Mound,147
2020-04,Irving,106
2020-04,San Angelo,46
2020-04,Grapevine,100
2020-04,Schertz,257
2020-04,North Richland Hills,70
2020-04,Mesquite,81
2020-04,Alice,69
2020-04,Sherman,219
2020-04,Amarillo,84
2020-04,Waco,120
2020-04,Weatherford,407
2020-04,Missouri City,216
2020-04,Victoria,352
2020-04,Southlake,66
2020-04,Arlington,40
2020-04,Alamo,34
2020-04,Mansfield,195
2020-05,Brownsville,46
2020-05,Waxahachie,412
2020-05,McKinney,114
2020-05,Nacogdoches,219
2020-05,Huntsville,112
2020-05,Lufkin,60
2020-05,Edinburg,73
2020-05,Canyon,158
2020-05,Pflugerville,202
2020-05,Laredo,234
2020-05,San Marcos,66
2020-05,Austin,73
2020-05,Weatherford,247
2020-05,Friendswood,111
2020-05,Coppell,70
2020-05,Missouri City,192
2020-05,Sugar Land,120
2020-05,Schertz,150
2020-05,Texas City,281
2020-05,Sherman,525
2020-05,Tyler,75
2020-05,Waco,41
2020-05,Victoria,149
2020-05,Carrollton,118
2020-05,Southlake,215
2020-05,Lewisville,64
2020-05,DeSoto,177
2020-05,Abilene,116
2020-05,Denton,80
2020-05,Houston,149
2020-05,Bedford,234
2020-05,Little Elm,255
2020-05,Baytown,126
2020-05,Rockwall,247
2020-05,Bryan,189
2020-05,League City,57
2020-05,Seguin,150
2020-05,Temple,438
2020-05,Midland,48
2020-05,Weslaco,324
2020-05,Hurst,44
2020-05,Rowlett,240
2020-05,Pharr,246
2020-05,Corpus Christi,192
2020-05,Mesquite,234
2020-05,Plano,82
2020-05,Grand Prairie,26
2020-05,Lubbock,34
2020-05,Arlington,195
2020-05,Garland,252
2020-05,Port Arthur,112
2020-05,Del Rio,174
2020-06,Huntsville,36
2020-06,Edinburg,102
2020-06,San Marcos,80
2020-06,Tyler,71
2020-06,Cleburne,138
2020-06,Baytown,185
2020-06,Rowlett,72
2020-06,Waco,110
2020-06,Waxahachie,364
2020-06,Texas City,156
2020-06,Richardson,50
2020-06,Del Rio,160
2020-06,Rockwall,15
2020-06,Seguin,247
2020-06,Little Elm,160
2020-06,Plano,88
2020-06,Schertz,77
2020-06,Weatherford,368
2020-06,Lubbock,136
2020-06,Coppell,15
2020-06,Mesquite,78
2020-06,San Antonio,92
2020-06,Sherman,82
2020-06,Nacogdoches,102
2020-06,Killeen,177
2020-06,New Braunfels,101
2020-06,Houston,68
2020-06,Lewisville,132
2020-06,Pharr,30
2020-06,Longview,46
2020-06,Weslaco,461
2020-06,Grand Prairie,92
2020-06,League City,111
2020-06,Haltom City,68
2020-06,Austin,400
2020-06,Victoria,21
2020-06,College Station,93
2020-06,Lancaster,132
2020-06,Port Arthur,166
2020-06,Pflugerville,25
2020-06,Cedar Park,150
2020-06,Bryan,177
2020-07,Pflugerville,246
2020-07,Allen,154
2020-07,San Marcos,74
2020-07,Round Rock,95
2020-07,Fort Worth,174
2020-07,College Station,39
2020-07,Weslaco,597
2020-07,La Porte,117
2020-07,Mineral Wells,88
2020-07,Irving,68
2020-07,Seguin,112
2020-07,Waxahachie,85
2020-07,Huntsville,199
2020-07,San Antonio,230
2020-07,Farmers Branch,340
2020-07,New Braunfels,72
2020-07,Plano,354
2020-07,Austin,46
2020-07,Port Arthur,55
2020-07,Brownsville,108
2020-07,Corpus Christi,171
2020-07,Lubbock,133
2020-07,Garland,276
2020-07,DeSoto,60
2020-07,Texas City,23
2020-07,Rockwall,351
2020-07,Big Spring,177
2020-07,Mansfield,90
2020-07,Sugar Land,94
2020-07,Brownwood,23
2020-07,McAllen,153
2020-07,Nacogdoches,150
2020-07,Edinburg,141
2020-07,Burleson,116
2020-07,Frisco,69
2020-07,Friendswood,367
2020-07,Grand Prairie,63
2020-07,San Angelo,84
2020-07,Richardson,84
2020-07,Southlake,68
2020-07,Cleburne,168
2020-07,Carrollton,170
2020-07,Lancaster,63
2020-07,Abilene,88
2020-07,Kerrville,46
2020-07,Victoria,22
2020-07,El Paso,336
2020-07,Schertz,41
2020-08,Port Arthur,102
2020-08,Sugar Land,213
2020-08,Conroe,61
2020-08,Arlington,420
2020-08,Texas City,31
2020-08,Sherman,303
2020-08,Farmers Branch,197
2020-08,Pasadena,38
2020-08,North Richland Hills,39
2020-08,McKinney,382
2020-08,Plano,689
2020-08,Little Elm,201
2020-08,Longview,207
2020-08,Pharr,35
2020-08,Edinburg,346
2020-08,Bedford,116
2020-08,Killeen,229
2020-08,Mesquite,16
2020-08,Pearland,78
2020-08,San Angelo,294
2020-08,Hurst,436
2020-08,Galveston,243
2020-08,Austin,180
2020-08,Grand Prairie,166
2020-08,San Antonio,255
2020-08,Harlingen,296
2020-08,Alamo,154
2020-08,Burleson,50
2020-08,Temple,202
2020-08,Round Rock,196
2020-08,Rosenberg,123
2020-08,Victoria,344
2020-08,Brownwood,471
2020-08,Odessa,160
2020-08,Haltom City,235
2020-08,College Station,167
2020-08,Bryan,110
2020-08,El Paso,321
2020-08,Nacogdoches,159
2020-08,Georgetown,176
2020-08,Waco,288
2020-08,McAllen,65
2020-08,Lancaster,241
2020-08,Pflugerville,260
2020-08,Big Spring,198
2020-08,Seguin,105
2020-08,Coppell,348
2020-08,Brownsville,100
2020-08,Waxahachie,35
2020-08,Mineral Wells,76
2020-08,Midland,310
2020-08,DeSoto,169
2020-08,Eagle Pass,85
2020-08,Missouri City,107
2020-08,Richardson,407
2020-08,Kerrville,114
2020-08,Mission,365
2020-08,Denton,142
2020-08,Rockwall,392
2020-08,Alice,368
2020-08,Allen,21
2020-08,New Braunfels,281
2020-08,Lewisville,152
2020-08,Baytown,384
2020-08,Frisco,78
2020-08,Weslaco,402
2020-08,Irving,36
2020-08,Weatherford,105
2020-08,Euless,126
2020-08,Tyler,53
2020-08,Cedar Park,458
2020-08,Flower Mound,311
2020-08,Grapevine,486
2020-08,Friendswood,205
2020-08,Del Rio,305
2020-08,Cleburne,90
2020-08,Dallas,42
2020-08,La Porte,372
2020-08,Laredo,192
2020-08,Houston,102
2020-09,Southlake,249
2020-09,Georgetown,81
2020-09,Round Rock,148
2020-09,Friendswood,366
2020-09,Pasadena,490
2020-09,Bryan,154
2020-09,Laredo,431
2020-09,Victoria,43
2020-09,Dallas,256
2020-09,Euless,250
2020-09,Lufkin,54
2020-09,Rosenberg,343
2020-09,Fort Worth,96
2020-09,Bedford,162
2020-09,Cleburne,110
2020-09,Coppell,389
2020-09,North Richland Hills,182
2020-09,Weatherford,250
2020-09,Burleson,64
2020-09,Missouri City,113
2020-09,Rockwall,284
2020-09,Del Rio,205
2020-09,Cedar Park,37
2020-09,Austin,485
2020-09,Pearland,46
2020-09,McAllen,318
2020-09,Grapevine,84
2020-09,Garland,414
2020-09,Huntsville,171
2020-09,Richardson,264
2020-09,Baytown,136
2020-09,Conroe,68
2020-09,DeSoto,35
2020-09,Longview,114
2020-09,Irving,80
2020-09,Canyon,341
2020-09,Killeen,488
2020-09,Haltom City,30
2020-09,Pflugerville,198
2020-09,Carrollton,118
2020-09,Odessa,106
2020-09,San Antonio,264
2020-09,Mission,282
2020-09,Lubbock,64
2020-09,Texas City,78
2020-09,McKinney,468
2020-09,Rowlett,57
2020-09,Mansfield,256
2020-09,Sugar Land,146
2020-09,Plano,126
2020-09,Kerrville,29
2020-09,Lewisville,225
2020-09,Waco,324
2020-09,Frisco,20
2020-09,Lancaster,178
2020-09,Eagle Pass,356
2020-09,Sherman,230
2020-09,Flower Mound,80
2020-09,Mineral Wells,102
2020-09,San Marcos,522
2020-09,Edinburg,130
2020-09,Port Arthur,568
2020-09,Alice,176
2020-09,Seguin,102
2020-09,League City,294
2020-09,Houston,433
2020-09,Farmers Branch,134
2020-09,Lake Jackson,20
2020-09,Weslaco,156
2020-09,Mesquite,215
2020-09,Little Elm,84
2020-09,Brownwood,62
2020-09,Midland,122
2020-09,Big Spring,73
2020-09,Schertz,61
2020-09,Angleton,114
2020-09,Galveston,260
2020-09,Allen,213
2020-09,Alamo,68
2020-10,Fort Worth,231
2020-10,Pflugerville,230
2020-10,New Braunfels,724
2020-10,Alamo,286
2020-10,Haltom City,117
2020-10,Cleburne,319
2020-10,Pharr,435
2020-10,Sherman,170
2020-10,Eagle Pass,241
2020-10,North Richland Hills,54
2020-10,Southlake,189
2020-10,Arlington,93
2020-10,Temple,162
2020-10,Mansfield,222
2020-10,Harlingen,631
2020-10,San Antonio,177
2020-10,Missouri City,226
2020-10,DeSoto,169
2020-10,Pearland,162
2020-10,Lake Jackson,53
2020-10,Cedar Park,84
2020-10,Kerrville,213
2020-10,Odessa,450
2020-10,McAllen,385
2020-10,Grapevine,314
2020-10,League City,60
2020-10,Garland,343
2020-10,Mesquite,443
2020-10,Austin,55
2020-10,San Marcos,459
2020-10,Irving,257
2020-10,Euless,132
2020-10,Huntsville,204
2020-10,Canyon,632
2020-10,Tyler,135
2020-10,Weslaco,480
2020-10,Georgetown,59
2020-10,Amarillo,186
2020-10,Conroe,397
2020-10,Hurst,174
2020-10,Richardson,218
2020-10,Galveston,190
2020-10,Farmers Branch,243
2020-10,Dallas,189
2020-10,Alice,304
2020-10,Friendswood,128
2020-10,Bryan,179
2020-10,Brownsville,234
2020-10,Round Rock,73
2020-10,College Station,162
2020-10,Weatherford,95
2020-10,La Porte,43
2020-10,Burleson,29
2020-10,Carrollton,376
2020-10,Little Elm,148
2020-10,Nacogdoches,204
2020-10,Brownwood,253
2020-10,Abilene,85
2020-10,Sugar Land,377
2020-10,Lewisville,204
2020-10,Plano,180
2020-10,Angleton,188
2020-10,Del Rio,332
2020-10,Schertz,21
2020-10,Frisco,150
2020-10,Pasadena,124
2020-10,Big Spring,303
2020-10,Bedford,270
2020-10,Houston,84
2020-10,Allen,110
2020-10,Port Arthur,465
2020-10,Mineral Wells,178
2020-10,Rowlett,112
2020-10,Flower Mound,420
2020-10,Killeen,30
2020-10,Baytown,192
2020-10,Rockwall,228
2020-10,Grand Prairie,609
2020-10,Lufkin,175
2020-11,Pflugerville,416
2020-11,Rowlett,1507
2020-11,Pharr,223
2020-11,Eagle Pass,553
2020-11,Canyon,231
2020-11,Victoria,1461
2020-11,Port Arthur,1629
2020-11,Amarillo,41
2020-11,Bedford,213
2020-11,Temple,2373
2020-11,North Richland Hills,432
2020-11,Grand Prairie,371
2020-11,Austin,180
2020-11,Mission,472
2020-11,Grapevine,672
2020-11,Waco,1529
2020-11,Mineral Wells,162
2020-11,Edinburg,127
2020-11,Bryan,219
2020-11,El Paso,512
2020-11,Mansfield,352
2020-11,Friendswood,160
2020-11,McKinney,267
2020-11,Farmers Branch,288
2020-11,Garland,65
2020-11,San Marcos,1815
2020-11,Sugar Land,1069
2020-11,Carrollton,294
2020-11,Fort Worth,638
2020-11,Alice,460
2020-11,League City,148
2020-11,Allen,537
2020-11,Alamo,271
2020-11,Del Rio,418
2020-11,Flower Mound,583
2020-11,Corpus Christi,550
2020-11,Little Elm,352
2020-11,Cleburne,436
2020-11,Haltom City,601
2020-11,Richardson,1580
2020-11,Weslaco,2437
2020-11,Coppell,129
2020-11,Irving,174
2020-11,Arlington,15
2020-11,Kerrville,508
2020-11,Southlake,2588
2020-11,Missouri City,20
2020-11,Rosenberg,1089
2020-11,Euless,343
2020-11,Baytown,719
2020-11,Tyler,1902
2020-11,Mesquite,539
2020-11,Dallas,285
2020-11,Lewisville,36
2020-11,Sherman,1938
2020-11,Abilene,138
2020-11,Seguin,1329
2020-11,Galveston,350
2020-11,Laredo,435
2020-11,Hurst,303
2020-11,Conroe,210
2020-11,Huntsville,437
2020-11,Round Rock,1844
2020-11,Rockwall,1525
2020-11,DeSoto,43
2020-11,Harlingen,665
2020-11,Georgetown,225
2020-11,Big Spring,417
2020-11,Midland,78
2020-11,College Station,105
2020-11,Cedar Park,375
2020-11,Killeen,492
2020-11,Lubbock,400
2020-11,Pearland,33
2020-11,Lancaster,389
2020-11,Angleton,64
2020-11,Brownwood,301
2020-11,Schertz,2011
2020-11,Burleson,193
2020-11,Waxahachie,3142
2020-11,Lufkin,124
2020-11,Frisco,154
2020-11,San Angelo,1331
2020-11,Plano,1789
2020-11,La Porte,499
2020-11,Texas City,1039
2020-11,Brownsville,32
2020-11,Pasadena,428
2020-11,Weatherford,956
2020-11,San Antonio,1361
2020-12,Haltom City,538
2020-12,Nacogdoches,704
2020-12,Carrollton,126
2020-12,Laredo,83
2020-12,Little Elm,713
2020-12,San Angelo,1467
2020-12,Mansfield,332
2020-12,North Richland Hills,180
2020-12,Rosenberg,1859
2020-12,Amarillo,107
2020-12,Edinburg,372
2020-12,Pasadena,406
2020-12,Angleton,171
2020-12,Rockwall,1951
2020-12,Lubbock,256
2020-12,Arlington,166
2020-12,Del Rio,202
2020-12,Missouri City,139
2020-12,Austin,261
2020-12,Texas City,1930
2020-12,Friendswood,211
2020-12,Coppell,108
2020-12,Rowlett,1009
2020-12,Abilene,256
2020-12,Fort Worth,258
2020-12,Lake Jackson,66
2020-12,Corpus Christi,59
2020-12,Victoria,1480
2020-12,La Porte,167
2020-12,Denton,545
2020-12,Lewisville,208
2020-12,Grapevine,350
2020-12,Grand Prairie,159
2020-12,Galveston,409
2020-12,Eagle Pass,186
2020-12,Seguin,2117
2020-12,Killeen,134
2020-12,San Marcos,1812
2020-12,Lancaster,179
2020-12,Irving,166
2020-12,Temple,2078
2020-12,Waco,1291
2020-12,College Station,329
2020-12,Mineral Wells,137
2020-12,Weatherford,790
2020-12,Pflugerville,185
2020-12,Odessa,260
2020-12,Plano,1416
2020-12,Brownsville,168
2020-12,Georgetown,149
2020-12,Weslaco,2887
2020-12,Hurst,76
2020-12,Waxahachie,4382
2020-12,Bedford,284
2020-12,Houston,812
2020-12,Frisco,302
2020-12,Baytown,432
2020-12,McKinney,372
2020-12,Brownwood,453
2020-12,San Antonio,1414
2020-12,McAllen,41
2020-12,League City,158
2020-12,Round Rock,2076
2020-12,Farmers Branch,116
2020-12,Richardson,1310
2020-12,Pharr,397
2020-12,Conroe,397
2020-12,Alamo,189
2020-12,Tyler,1206
2020-12,Bryan,354
2020-12,Schertz,1518
2020-12,Kerrville,461
2020-12,Cleburne,426
2020-12,Midland,202
2020-12,Southlake,1768
2020-12,Flower Mound,118
2020-12,Mesquite,52
2020-12,Canyon,206
2020-12,Alice,23
2020-12,Huntsville,581
2020-12,Burleson,97
2020-12,Pearland,42
2020-12,El Paso,432
2020-12,Allen,719
2020-12,DeSoto,386
2020-12,Lufkin,156
2020-12,New Braunfels,386
2020-12,Mission,416
2020-12,Port Arthur,2042
2020-12,Cedar Park,388
2020-12,Dallas,165
2020-12,Sugar Land,2156
2020-12,Sherman,1740
2021-01,Weslaco,109
2021-01,Texas City,135
2021-01,Del Rio,168
2021-01,Georgetown,74
2021-01,Round Rock,74
2021-01,Kerrville,128
2021-01,Weatherford,72
2021-01,Abilene,82
2021-01,Temple,56
2021-01,Victoria,26
2021-01,McKinney,210
2021-01,Amarillo,29
2021-01,Sherman,135
2021-01,Rowlett,280
2021-01,Huntsville,24
2021-01,Lancaster,90
2021-01,Rockwall,219
2021-01,Frisco,147
2021-01,Schertz,44
2021-01,Euless,204
2021-01,Laredo,126
2021-01,Waco,51
2021-01,Angleton,74
2021-01,Eagle Pass,55
2021-01,Friendswood,86
2021-01,Irving,135
2021-01,Lubbock,25
2021-01,San Marcos,405
2021-01,San Antonio,280
2021-01,Mineral Wells,279
2021-01,College Station,273
2021-01,Garland,31
2021-01,Sugar Land,80
2021-01,Tyler,66
2021-01,Flower Mound,45
2021-01,Haltom City,271
2021-01,Hurst,93
2021-01,League City,104
2021-01,San Angelo,135
2021-01,Coppell,37
2021-01,Cedar Park,46
2021-01,Baytown,272
2021-01,Brownwood,102
2021-01,Mansfield,166
2021-01,Richardson,162
2021-01,Plano,249
2021-01,North Richland Hills,17
2021-01,Southlake,535
2021-01,Conroe,144
2021-01,Midland,438
2021-01,Rosenberg,195
2021-01,Cleburne,102
2021-01,Harlingen,66
2021-01,Pflugerville,117
2021-02,Abilene,120
2021-02,Haltom City,132
2021-02,Big Spring,150
2021-02,Pharr,207
2021-02,Friendswood,138
2021-02,Irving,87
2021-02,Hurst,138
2021-02,Harlingen,228
2021-02,Rowlett,154
2021-02,San Antonio,45
2021-02,San Angelo,165
2021-02,Weatherford,454
2021-02,Huntsville,52
2021-02,Richardson,178
2021-02,Plano,159
2021-02,Garland,94
2021-02,Laredo,324
2021-02,Angleton,38
2021-02,Amarillo,83
2021-02,Mesquite,181
2021-02,Brownwood,77
2021-02,El Paso,96
2021-02,Longview,162
2021-02,Seguin,84
2021-02,Killeen,108
2021-02,Pearland,58
2021-02,Little Elm,17
2021-02,Texas City,108
2021-02,Schertz,92
2021-02,Port Arthur,78
2021-02,Victoria,104
2021-02,Baytown,186
2021-02,Farmers Branch,170
2021-02,Round Rock,206
2021-02,Houston,189
2021-02,North Richland Hills,126
2021-02,Lancaster,167
2021-02,Temple,148
2021-02,Weslaco,391
2021-02,McAllen,246
2021-02,Mission,49
2021-02,Lufkin,252
2021-02,San Marcos,434
2021-02,Lake Jackson,144
2021-02,Alice,57
2021-02,Southlake,32
2021-02,Lewisville,249
2021-02,Waco,207
2021-02,Grapevine,46
2021-02,Tyler,242
2021-02,Mansfield,225
2021-02,Rosenberg,16
2021-02,Fort Worth,54
2021-02,Carrollton,53
2021-03,League City,142
2021-03,Galveston,156
2021-03,McKinney,117
2021-03,Corpus Christi,66
2021-03,Alice,104
2021-03,Rowlett,177
2021-03,El Paso,166
2021-03,Plano,287
2021-03,Arlington,210
2021-03,Richardson,237
2021-03,Port Arthur,80
2021-03,Odessa,100
2021-03,Weatherford,72
2021-03,San Antonio,156
2021-03,Sherman,48
2021-03,Longview,140
2021-03,Little Elm,120
2021-03,Laredo,151
2021-03,Flower Mound,114
2021-03,Pharr,99
2021-03,DeSoto,58
2021-03,Cleburne,270
2021-03,Brownsville,240
2021-03,Southlake,142
2021-03,Frisco,51
2021-03,Garland,298
2021-03,Big Spring,84
2021-03,Texas City,40
2021-03,Schertz,126
2021-03,Carrollton,171
2021-03,Round Rock,265
2021-03,Weslaco,592
2021-03,Farmers Branch,213
2021-03,Mission,22
2021-03,Houston,26
2021-03,Temple,339
2021-03,Del Rio,292
2021-03,McAllen,21
2021-03,Rockwall,110
2021-03,Victoria,24
2021-03,Allen,37
2021-03,San Marcos,117
2021-03,Baytown,35
2021-03,Burleson,100
2021-03,Mansfield,204
2021-03,Rosenberg,193
2021-03,Waxahachie,339
2021-03,Tyler,162
2021-03,Missouri City,33
2021-03,Midland,100
2021-03,Lewisville,48
2021-04,Tyler,124
2021-04,Hurst,251
2021-04,Missouri City,286
2021-04,Conroe,77
2021-04,Alamo,31
2021-04,Lancaster,62
2021-04,DeSoto,84
2021-04,Schertz,82
2021-04,Georgetown,72
2021-04,Grapevine,213
2021-04,Mansfield,250
2021-04,Weatherford,96
2021-04,Allen,84
2021-04,Port Arthur,126
2021-04,Round Rock,48
2021-04,Rowlett,183
2021-04,College Station,179
2021-04,Southlake,78
2021-04,Rockwall,410
2021-04,McAllen,74
2021-04,Pasadena,275
2021-04,Bryan,106
2021-04,Seguin,43
2021-04,Carrollton,39
2021-04,League City,114
2021-04,Nacogdoches,111
2021-04,Waxahachie,192
2021-04,Angleton,105
2021-04,Richardson,140
2021-04,Rosenberg,38
2021-04,Harlingen,45
2021-04,Fort Worth,85
2021-04,Mineral Wells,98
2021-04,Brownwood,42
2021-04,La Porte,124
2021-04,El Paso,148
2021-04,Little Elm,50
2021-04,Amarillo,51
2021-04,Houston,49
2021-04,San Antonio,176
2021-04,Friendswood,76
2021-04,Austin,66
2021-04,Alice,503
2021-04,Killeen,192
2021-04,Huntsville,60
2021-04,Plano,303
2021-04,Sugar Land,122
2021-04,Weslaco,215
2021-05,Sugar Land,54
2021-05,Midland,73
2021-05,Farmers Branch,99
2021-05,Sherman,15
2021-05,Killeen,44
2021-05,Denton,104
2021-05,Rockwall,52
2021-05,Conroe,40
2021-05,Bedford,62
2021-05,Coppell,87
2021-05,Corpus Christi,229
2021-05,Rowlett,86
2021-05,Garland,225
2021-05,Richardson,72
2021-05,Flower Mound,50
2021-05,Abilene,135
2021-05,Del Rio,264
2021-05,North Richland Hills,64
2021-05,Mission,141
2021-05,Haltom City,21
2021-05,San Antonio,269
2021-05,Waxahachie,120
2021-05,Rosenberg,45
2021-05,Pasadena,70
2021-05,San Angelo,256
2021-05,Big Spring,126
2021-05,El Paso,85
2021-05,Galveston,210
2021-05,Pearland,243
2021-05,Alice,90
2021-05,Mansfield,117
2021-05,Plano,323
2021-05,Tyler,252
2021-05,Southlake,120
2021-05,Port Arthur,210
2021-05,Schertz,222
2021-05,Houston,72
2021-05,Dallas,195
2021-05,Weatherford,241
2021-05,Georgetown,164
2021-05,Fort Worth,197
2021-05,Austin,183
2021-05,Waco,328
2021-05,Temple,170
2021-05,Kerrville,75
2021-05,Euless,177
2021-05,Lubbock,73
2021-05,Missouri City,106
2021-05,Weslaco,372
2021-06,Southlake,36
2021-06,Waxahachie,129
2021-06,Temple,200
2021-06,Weslaco,72
2021-06,Little Elm,53
2021-06,Tyler,87
2021-06,Burleson,306
2021-06,Austin,135
2021-06,Sugar Land,294
2021-06,Carrollton,282
2021-06,Allen,16
2021-06,Corpus Christi,30
2021-06,Eagle Pass,106
2021-06,Killeen,40
2021-06,Farmers Branch,158
2021-06,Grapevine,186
2021-06,Port Arthur,99
2021-06,College Station,32
2021-06,Waco,120
2021-06,Lake Jackson,29
2021-06,Rockwall,233
2021-06,San Antonio,278
2021-06,San Angelo,128
2021-06,Pharr,63
2021-06,New Braunfels,87
2021-06,Laredo,75
2021-06,Del Rio,38
2021-06,Dallas,108
2021-06,Midland,66
2021-06,Texas City,92
2021-06,Edinburg,43
2021-06,Pearland,90
2021-06,Fort Worth,189
2021-06,Round Rock,338
2021-06,Grand Prairie,250
2021-06,Mansfield,25
2021-06,DeSoto,26
2021-06,Rowlett,165
2021-06,Schertz,284
2021-06,Abilene,249
2021-06,Friendswood,161
2021-06,Sherman,252
2021-06,Hurst,87
2021-06,Rosenberg,168
2021-06,Denton,126
2021-06,Big Spring,364
2021-07,Houston,27
2021-07,Bedford,164
2021-07,North Richland Hills,146
2021-07,San Angelo,34
2021-07,San Marcos,204
2021-07,Waxahachie,53
2021-07,Lewisville,41
2021-07,Frisco,80
2021-07,Galveston,152
2021-07,Waco,401
2021-07,Killeen,273
2021-07,Corpus Christi,94
2021-07,McAllen,78
2021-07,Rosenberg,273
2021-07,Cedar Park,225
2021-07,Baytown,74
2021-07,Friendswood,152
2021-07,Seguin,681
2021-07,Austin,304
2021-07,Schertz,203
2021-07,Mineral Wells,134
2021-07,Burleson,134
2021-07,Round Rock,412
2021-07,McKinney,31
2021-07,Georgetown,330
2021-07,Sherman,18
2021-07,Temple,580
2021-07,Carrollton,333
2021-07,Rowlett,109
2021-07,Lancaster,26
2021-07,Sugar Land,57
2021-07,Mesquite,237
2021-07,Nacogdoches,121
2021-07,Pharr,46
2021-07,Bryan,128
2021-07,League City,43
2021-07,Southlake,204
2021-07,Euless,34
2021-07,Texas City,313
2021-07,Brownsville,78
2021-07,College Station,71
2021-07,Missouri City,52
2021-07,Plano,62
2021-07,Brownwood,50
2021-07,Pflugerville,132
2021-07,Kerrville,18
2021-07,Port Arthur,122
2021-07,Odessa,150
2021-07,Weslaco,512
2021-07,Victoria,171
2021-08,McAllen,78
2021-08,Coppell,176
2021-08,Sugar Land,135
2021-08,Conroe,393
2021-08,Temple,57
2021-08,Cedar Park,511
2021-08,Pearland,273
2021-08,Bryan,120
2021-08,Laredo,54
2021-08,Round Rock,96
2021-08,Missouri City,38
2021-08,Mesquite,170
2021-08,Eagle Pass,147
2021-08,DeSoto,116
2021-08,Angleton,246
2021-08,Friendswood,90
2021-08,Seguin,93
2021-08,Amarillo,177
2021-08,Pflugerville,75
2021-08,Rockwall,354
2021-08,Denton,162
2021-08,Waxahachie,112
2021-08,Carrollton,30
2021-08,Alamo,98
2021-08,Huntsville,141
2021-08,Garland,485
2021-08,Edinburg,164
2021-08,Plano,332
2021-08,Port Arthur,255
2021-08,Canyon,36
2021-08,Texas City,267
2021-08,Dallas,378
2021-08,Rowlett,269
2021-08,Allen,156
2021-08,Abilene,294
2021-08,Frisco,105
2021-08,Del Rio,82
2021-08,Alice,166
2021-08,Mansfield,343
2021-08,Rosenberg,50
2021-08,Richardson,510
2021-08,Flower Mound,446
2021-08,Baytown,301
2021-08,Odessa,502
2021-08,Fort Worth,249
2021-08,Grapevine,218
2021-08,Brownsville,102
2021-08,Weslaco,44
2021-08,Big Spring,375
2021-08,Weatherford,106
2021-08,McKinney,447
2021-08,Sherman,188
2021-08,El Paso,48
2021-08,Mineral Wells,164
2021-08,Pasadena,214
2021-08,Euless,55
2021-08,Tyler,84
2021-08,Hurst,34
2021-08,Longview,213
2021-08,Austin,281
2021-08,College Station,141
2021-08,Lubbock,206
2021-08,Nacogdoches,305
2021-08,Victoria,255
2021-08,New Braunfels,33
2021-08,Schertz,456
2021-08,Mission,219
2021-08,Corpus Christi,302
2021-08,Harlingen,332
2021-08,La Porte,240
2021-08,Lewisville,75
2021-08,San Angelo,106
2021-08,Houston,261
2021-08,Farmers Branch,15
2021-08,Lufkin,80
2021-08,Burleson,244
2021-08,Lancaster,81
2021-08,Brownwood,49
2021-08,Lake Jackson,19
2021-08,Galveston,759
2021-08,Grand Prairie,101
2021-08,Bedford,135
2021-08,Killeen,336
2021-08,Irving,28
2021-09,McAllen,356
2021-09,Cedar Park,397
2021-09,Kerrville,273
2021-09,Allen,337
2021-09,Grapevine,148
2021-09,Burleson,159
2021-09,Schertz,156
2021-09,Bryan,150
2021-09,North Richland Hills,80
2021-09,Flower Mound,157
2021-09,Missouri City,341
2021-09,Killeen,129
2021-09,Denton,657
2021-09,Odessa,256
2021-09,League City,339
2021-09,Baytown,126
2021-09,Laredo,311
2021-09,Friendswood,31
2021-09,Dallas,201
2021-09,Abilene,355
2021-09,Rockwall,282
2021-09,Conroe,431
2021-09,San Marcos,246
2021-09,Pflugerville,215
2021-09,Canyon,82
2021-09,Nacogdoches,476
2021-09,Fort Worth,96
2021-09,Weatherford,58
2021-09,Frisco,96
2021-09,Brownsville,132
2021-09,El Paso,44
2021-09,Richardson,376
2021-09,Carrollton,598
2021-09,Mesquite,164
2021-09,Round Rock,150
2021-09,Brownwood,225
2021-09,Rosenberg,116
2021-09,Longview,384
2021-09,McKinney,579
2021-09,Houston,313
2021-09,Plano,291
2021-09,Mission,189
2021-09,Edinburg,305
2021-09,Big Spring,246
2021-09,Little Elm,186
2021-09,Lufkin,26
2021-09,Amarillo,67
2021-09,Irving,378
2021-09,Temple,162
2021-09,Arlington,312
2021-09,Waxahachie,94
2021-09,Lewisville,75
2021-09,Grand Prairie,159
2021-09,Eagle Pass,83
2021-09,Hurst,90
2021-09,Midland,174
2021-09,Lancaster,143
2021-09,College Station,28
2021-09,Austin,410
2021-09,Weslaco,480
2021-09,Port Arthur,200
2021-09,Bedford,138
2021-09,Cleburne,191
2021-09,Euless,76
2021-09,Garland,322
2021-09,Lubbock,82
2021-09,Pasadena,243
2021-09,Sherman,116
2021-09,Corpus Christi,155
2021-09,Tyler,140
2021-09,Lake Jackson,258
2021-09,Angleton,497
2021-09,San Angelo,382
2021-09,Pharr,359
2021-09,DeSoto,362
2021-09,Huntsville,41
2021-09,Del Rio,60
2021-09,Mansfield,171
2021-09,Harlingen,74
2021-10,San Angelo,287
2021-10,Grapevine,349
2021-10,Euless,306
2021-10,Huntsville,123
2021-10,Alamo,397
2021-10,Farmers Branch,600
2021-10,Cleburne,461
2021-10,El Paso,488
2021-10,Grand Prairie,23
2021-10,Corpus Christi,369
2021-10,Carrollton,139
2021-10,Lewisville,18
2021-10,Del Rio,688
2021-10,Irving,96
2021-10,Garland,510
2021-10,Fort Worth,47
2021-10,Weslaco,538
2021-10,Midland,284
2021-10,Mesquite,451
2021-10,Sherman,78
2021-10,North Richland Hills,188
2021-10,Pharr,51
2021-10,Angleton,309
2021-10,Longview,324
2021-10,Eagle Pass,669
2021-10,Lancaster,240
2021-10,Temple,234
2021-10,Flower Mound,378
2021-10,Pearland,25
2021-10,Abilene,215
2021-10,Plano,234
2021-10,Mansfield,34
2021-10,Coppell,144
2021-10,Laredo,77
2021-10,Canyon,78
2021-10,Missouri City,58
2021-10,Kerrville,381
2021-10,Georgetown,340
2021-10,San Marcos,419
2021-10,Odessa,189
2021-10,Port Arthur,209
2021-10,Pasadena,159
2021-10,Brownsville,89
2021-10,Waxahachie,606
2021-10,Burleson,563
2021-10,Schertz,144
2021-10,New Braunfels,347
2021-10,Mineral Wells,66
2021-10,Little Elm,48
2021-10,Southlake,343
2021-10,Weatherford,380
2021-10,Round Rock,18
2021-10,Big Spring,315
2021-10,Waco,45
2021-10,Bedford,168
2021-10,Galveston,289
2021-10,Denton,40
2021-10,McAllen,242
2021-10,Baytown,322
2021-10,Allen,152
2021-10,Friendswood,19
2021-10,Pflugerville,402
2021-10,Mission,391
2021-10,Lake Jackson,141
2021-10,McKinney,560
2021-10,Brownwood,168
2021-10,La Porte,144
2021-10,Arlington,144
2021-10,Bryan,171
2021-10,Conroe,453
2021-10,Houston,257
2021-10,College Station,297
2021-10,Cedar Park,166
2021-10,Alice,16
2021-10,Killeen,776
2021-10,Harlingen,200
2021-10,Edinburg,341
2021-10,Richardson,204
2021-10,DeSoto,129
2021-10,Dallas,89
2021-10,League City,36
2021-10,Rockwall,147
2021-10,Haltom City,158
2021-11,Mineral Wells,556
2021-11,Pearland,561
2021-11,Brownsville,325
2021-11,Alice,34
2021-11,Eagle Pass,368
2021-11,San Angelo,1472
2021-11,Pharr,22
2021-11,Friendswood,158
2021-11,Laredo,28
2021-11,Denton,396
2021-11,Cleburne,359
2021-11,Carrollton,399
2021-11,Austin,192
2021-11,Longview,156
2021-11,Haltom City,235
2021-11,Lancaster,77
2021-11,Rowlett,1434
2021-11,Farmers Branch,338
2021-11,Round Rock,1502
2021-11,Seguin,1737
2021-11,Plano,1862
2021-11,El Paso,423
2021-11,Brownwood,292
2021-11,Temple,1059
2021-11,League City,305
2021-11,New Braunfels,858
2021-11,Killeen,367
2021-11,Del Rio,62
2021-11,Grand Prairie,464
2021-11,Angleton,127
2021-11,Allen,442
2021-11,Irving,82
2021-11,Schertz,1919
2021-11,Canyon,275
2021-11,Midland,66
2021-11,Lewisville,108
2021-11,Corpus Christi,426
2021-11,Lubbock,485
2021-11,Port Arthur,3030
2021-11,Richardson,2505
2021-11,Edinburg,156
2021-11,Lake Jackson,260
2021-11,Victoria,1597
2021-11,Garland,51
2021-11,Burleson,46
2021-11,Baytown,240
2021-11,Coppell,468
2021-11,Sherman,1874
2021-11,Bryan,164
2021-11,Waxahachie,3173
2021-11,Odessa,125
2021-11,Missouri City,260
2021-11,San Antonio,1031
2021-11,Georgetown,517
2021-11,Dallas,158
2021-11,Nacogdoches,297
2021-11,Pflugerville,129
2021-11,Mesquite,543
2021-11,College Station,231
2021-11,Flower Mound,157
2021-11,Houston,197
2021-11,Harlingen,229
2021-11,Abilene,244
2021-11,Galveston,513
2021-11,Fort Worth,132
2021-11,Rosenberg,1273
2021-11,Euless,424
2021-11,Mansfield,130
2021-11,Arlington,238
2021-11,Sugar Land,1972
2021-11,Grapevine,206
2021-11,DeSoto,771
2021-11,Conroe,80
2021-11,Texas City,1288
2021-11,Weatherford,664
2021-11,Waco,894
2021-11,Hurst,537
2021-11,Tyler,1983
2021-11,McKinney,381
2021-11,La Porte,170
2021-11,Bedford,79
2021-11,Mission,387
2021-11,Weslaco,3583
2021-11,McAllen,119
2021-11,Kerrville,70
2021-11,Pasadena,572
2021-11,Alamo,326
2021-11,Cedar Park,238
2021-11,Little Elm,106
2021-11,Huntsville,208
2021-11,Rockwall,1176
2021-11,Frisco,751
2021-11,Lufkin,201
2021-11,San Marcos,1345
2021-11,Southlake,1158
2021-12,Sugar Land,1056
2021-12,Friendswood,28
2021-12,Del Rio,491
2021-12,Midland,520
2021-12,Mesquite,51
2021-12,Harlingen,563
2021-12,Corpus Christi,66
2021-12,Rosenberg,2121
2021-12,Southlake,1494
2021-12,Pharr,481
2021-12,Nacogdoches,292
2021-12,New Braunfels,34
2021-12,Galveston,628
2021-12,Pflugerville,399
2021-12,Denton,169
2021-12,Seguin,889
2021-12,Georgetown,815
2021-12,Plano,2455
2021-12,Lancaster,302
2021-12,San Marcos,1767
2021-12,Bryan,165
2021-12,Allen,178
2021-12,Laredo,422
2021-12,Cedar Park,176
2021-12,Richardson,2048
2021-12,Conroe,774
2021-12,Waxahachie,3643
2021-12,Temple,1156
2021-12,Grapevine,450
2021-12,Weatherford,1755
2021-12,Pasadena,473
2021-12,Irving,58
2021-12,Schertz,1921
2021-12,Huntsville,234
2021-12,Coppell,200
2021-12,Waco,969
2021-12,Flower Mound,365
2021-12,Amarillo,195
2021-12,Lufkin,59
2021-12,Missouri City,101
2021-12,Dallas,766
2021-12,Fort Worth,199
2021-12,McKinney,536
2021-12,Burleson,638
2021-12,Round Rock,2060
2021-12,Hurst,211
2021-12,Frisco,214
2021-12,Port Arthur,1688
2021-12,Arlington,514
2021-12,Baytown,178
2021-12,Lewisville,119
2021-12,North Richland Hills,312
2021-12,Edinburg,63
2021-12,Killeen,111
2021-12,Odessa,559
2021-12,Alice,447
2021-12,Mansfield,1043
2021-12,Mineral Wells,339
2021-12,Canyon,301
2021-12,Angleton,396
2021-12,Abilene,219
2021-12,Rowlett,1809
2021-12,Grand Prairie,353
2021-12,Alamo,229
2021-12,Big Spring,595
2021-12,Weslaco,3640
2021-12,Brownsville,423
2021-12,San Antonio,1943
2021-12,Victoria,1341
2021-12,Lake Jackson,341
2021-12,Haltom City,382
2021-12,Mission,233
2021-12,Cleburne,210
2021-12,Tyler,2380
2021-12,Kerrville,510
2021-12,Eagle Pass,254
2021-12,Euless,484
2021-12,Garland,273
2021-12,Pearland,120
2021-12,Sherman,1441
2021-12,DeSoto,248
2021-12,Houston,398
2021-12,Brownwood,293
2021-12,League City,475
2021-12,La Porte,833
2021-12,McAllen,117
2021-12,Longview,282
2021-12,Texas City,1413
2021-12,San Angelo,1132
2021-12,Rockwall,1427
2021-12,Bedford,357
2021-12,Farmers Branch,582
2021-12,El Paso,313
2021-12,Lubbock,459
2021-12,Carrollton,116
2021-12,Little Elm,648
2022-01,Rosenberg,69
2022-01,Corpus Christi,76
2022-01,Temple,88
2022-01,Bedford,171
2022-01,Pharr,19
2022-01,Waxahachie,315
2022-01,Mesquite,35
2022-01,Sugar Land,150
2022-01,Baytown,77
2022-01,Frisco,51
2022-01,Fort Worth,117
2022-01,Georgetown,47
2022-01,Denton,136
2022-01,Weatherford,134
2022-01,Lake Jackson,58
2022-01,Nacogdoches,219
2022-01,Waco,72
2022-01,Victoria,157
2022-01,Longview,45
2022-01,Round Rock,112
2022-01,Richardson,419
2022-01,Brownwood,51
2022-01,Allen,52
2022-01,Schertz,46
2022-01,Southlake,279
2022-01,Austin,238
2022-01,San Antonio,29
2022-01,Del Rio,159
2022-01,Abilene,156
2022-01,Canyon,160
2022-01,Rowlett,216
2022-01,Lufkin,74
2022-01,Killeen,102
2022-01,Angleton,83
2022-01,La Porte,54
2022-01,Conroe,142
2022-01,Flower Mound,146
2022-01,Texas City,78
2022-01,Tyler,146
2022-01,Houston,177
2022-01,Dallas,296
2022-01,Odessa,15
2022-01,Pearland,117
2022-01,Alamo,154
2022-01,Plano,142
2022-02,Corpus Christi,71
2022-02,McKinney,144
2022-02,Texas City,261
2022-02,Rosenberg,174
2022-02,Irving,144
2022-02,Rowlett,495
2022-02,Waco,184
2022-02,Burleson,96
2022-02,Lake Jackson,32
2022-02,Weatherford,16
2022-02,Canyon,170
2022-02,Seguin,48
2022-02,Flower Mound,93
2022-02,Odessa,132
2022-02,Port Arthur,252
2022-02,Rockwall,78
2022-02,Brownwood,367
2022-02,Mission,202
2022-02,Harlingen,243
2022-02,Tyler,252
2022-02,Austin,342
2022-02,Pflugerville,177
2022-02,Temple,93
2022-02,Friendswood,94
2022-02,Grand Prairie,56
2022-02,Pearland,42
2022-02,Baytown,243
2022-02,Mesquite,207
2022-02,Round Rock,272
2022-02,Big Spring,150
2022-02,Fort Worth,132
2022-02,New Braunfels,112
2022-02,Sugar Land,152
2022-02,Missouri City,246
2022-02,San Antonio,400
2022-02,Killeen,42
2022-02,Mineral Wells,165
2022-02,Frisco,243
2022-02,Lufkin,72
2022-02,Waxahachie,322
2022-02,Arlington,437
2022-02,Sherman,42
2022-02,Mansfield,19
2022-02,Plano,424
2022-02,College Station,382
2022-02,Weslaco,156
2022-03,Weslaco,92
2022-03,Huntsville,19
2022-03,La Porte,82
2022-03,Richardson,248
2022-03,Hurst,26
2022-03,Georgetown,92
2022-03,Rosenberg,267
2022-03,Cedar Park,297
2022-03,Garland,252
2022-03,Frisco,135
2022-03,Waco,66
2022-03,Galveston,170
2022-03,San Angelo,112
2022-03,Little Elm,98
2022-03,Nacogdoches,78
2022-03,Victoria,88
2022-03,Lake Jackson,60
2022-03,Port Arthur,166
2022-03,Cleburne,85
2022-03,Pearland,216
2022-03,Plano,75
2022-03,Canyon,71
2022-03,Pharr,195
2022-03,Alamo,58
2022-03,Carrollton,31
2022-03,Dallas,52
2022-03,Mansfield,186
2022-03,Arlington,40
2022-03,Odessa,232
2022-03,Amarillo,132
2022-03,Southlake,317
2022-03,Mission,219
2022-03,Midland,61
2022-03,League City,201
2022-03,Schertz,39
2022-03,Weatherford,207
2022-03,Flower Mound,114
2022-03,Rockwall,50
2022-03,McAllen,393
2022-03,Temple,42
2022-03,Harlingen,46
2022-03,Waxahachie,184
2022-03,Mesquite,102
2022-03,Sugar Land,81
2022-03,Texas City,195
2022-03,Kerrville,102
2022-03,Round Rock,252
2022-03,Sherman,278
2022-03,Seguin,98
2022-03,Allen,36
2022-03,DeSoto,87
2022-03,Bedford,283
2022-04,Grand Prairie,41
2022-04,Port Arthur,172
2022-04,Pearland,24
2022-04,Big Spring,110
2022-04,Canyon,153
2022-04,Baytown,116
2022-04,Rosenberg,174
2022-04,Conroe,90
2022-04,Lewisville,84
2022-04,Bedford,140
2022-04,Rockwall,432
2022-04,Nacogdoches,177
2022-04,Round Rock,110
2022-04,Brownsville,204
2022-04,Rowlett,228
2022-04,Schertz,236
2022-04,Irving,192
2022-04,Austin,142
2022-04,Waxahachie,133
2022-04,Texas City,110
2022-04,Abilene,22
2022-04,Kerrville,299
2022-04,Southlake,25
2022-04,Weatherford,183
2022-04,Pflugerville,106
2022-04,Denton,39
2022-04,Seguin,152
2022-04,Mansfield,180
2022-04,Del Rio,96
2022-04,Brownwood,174
2022-04,North Richland Hills,35
2022-04,Plano,17
2022-04,Dallas,54
2022-04,Lubbock,186
2022-04,Cleburne,99
2022-04,San Angelo,202
2022-04,Arlington,66
2022-04,Longview,171
2022-04,Weslaco,75
2022-04,Sherman,46
2022-04,Missouri City,23
2022-04,El Paso,30
2022-04,Flower Mound,148
2022-04,Sugar Land,29
2022-04,Georgetown,68
2022-05,College Station,138
2022-05,Nacogdoches,231
2022-05,Huntsville,219
2022-05,Weatherford,336
2022-05,Southlake,54
2022-05,Lewisville,46
2022-05,Hurst,107
2022-05,Schertz,72
2022-05,Georgetown,186
2022-05,Mission,247
2022-05,Carrollton,78
2022-05,Big Spring,93
2022-05,Corpus Christi,130
2022-05,Irving,34
2022-05,Garland,462
2022-05,Friendswood,207
2022-05,Haltom City,38
2022-05,Rockwall,142
2022-05,Eagle Pass,225
2022-05,Lake Jackson,234
2022-05,Richardson,83
2022-05,Grand Prairie,240
2022-05,Lubbock,71
2022-05,Round Rock,29
2022-05,San Angelo,157
2022-05,Temple,508
2022-05,Mineral Wells,354
2022-05,Midland,82
2022-05,Flower Mound,141
2022-05,Pflugerville,120
2022-05,Texas City,289
2022-05,Abilene,123
2022-05,Kerrville,207
2022-05,Cleburne,144
2022-05,Denton,24
2022-05,North Richland Hills,169
2022-05,Weslaco,370
2022-05,New Braunfels,286
2022-05,Bedford,109
2022-05,Sugar Land,271
2022-05,Arlington,52
2022-05,San Marcos,88
2022-05,Frisco,213
2022-05,Victoria,66
2022-05,Mesquite,192
2022-05,Waxahachie,122
2022-06,Lancaster,42
2022-06,Pharr,77
2022-06,Farmers Branch,75
2022-06,Corpus Christi,265
2022-06,Bryan,30
2022-06,Eagle Pass,468
2022-06,Flower Mound,37
2022-06,Edinburg,18
2022-06,Coppell,114
2022-06,Round Rock,94
2022-06,Richardson,198
2022-06,Waxahachie,92
2022-06,Haltom City,240
2022-06,Garland,108
2022-06,Waco,136
2022-06,Mission,164
2022-06,Del Rio,147
2022-06,Pearland,100
2022-06,Seguin,237
2022-06,McAllen,51
2022-06,Alice,99
2022-06,Baytown,70
2022-06,Victoria,166
2022-06,Frisco,32
2022-06,Fort Worth,15
2022-06,Denton,118
2022-06,Laredo,255
2022-06,Dallas,171
2022-06,Tyler,114
2022-06,Carrollton,130
2022-06,Mesquite,132
2022-06,Canyon,49
2022-06,San Antonio,66
2022-06,Euless,66
2022-06,Odessa,150
2022-06,Burleson,18
2022-06,Sherman,231
2022-06,Southlake,99
2022-06,Lufkin,297
2022-06,Georgetown,42
2022-06,Austin,152
2022-06,Harlingen,234
2022-06,Weslaco,250
2022-06,Amarillo,84
2022-06,Kerrville,289
2022-06,Conroe,118
2022-06,Lubbock,18
2022-06,Arlington,84
2022-06,San Marcos,114
2022-07,Arlington,82
2022-07,Sugar Land,73
2022-07,Longview,164
2022-07,Haltom City,231
2022-07,Abilene,57
2022-07,DeSoto,136
2022-07,Carrollton,249
2022-07,San Antonio,234
2022-07,San Angelo,39
2022-07,Huntsville,136
2022-07,Seguin,198
2022-07,Fort Worth,411
2022-07,Southlake,72
2022-07,Irving,70
2022-07,Weslaco,180
2022-07,Plano,114
2022-07,Weatherford,170
2022-07,Alamo,58
2022-07,Brownwood,64
2022-07,Brownsville,279
2022-07,Waco,289
2022-07,Richardson,305
2022-07,Allen,89
2022-07,Port Arthur,99
2022-07,Lufkin,45
2022-07,College Station,61
2022-07,North Richland Hills,86
2022-07,Houston,138
2022-07,Tyler,117
2022-07,Rowlett,203
2022-07,Cleburne,116
2022-07,Waxahachie,66
2022-07,Angleton,106
2022-07,Grand Prairie,180
2022-07,Rosenberg,201
2022-07,Temple,351
2022-07,Frisco,161
2022-07,Kerrville,37
2022-07,La Porte,123
2022-07,Round Rock,34
2022-07,Lake Jackson,18
2022-07,Killeen,231
2022-07,Pharr,129
2022-07,Rockwall,444
2022-07,San Marcos,46
2022-07,Bedford,137
2022-07,Georgetown,66
2022-08,Bedford,180
2022-08,Euless,82
2022-08,Kerrville,329
2022-08,Big Spring,351
2022-08,Huntsville,142
2022-08,Waco,190
2022-08,Conroe,105
2022-08,Plano,459
2022-08,Baytown,126
2022-08,Nacogdoches,102
2022-08,Seguin,107
2022-08,Lubbock,69
2022-08,Coppell,56
2022-08,Killeen,168
2022-08,Pearland,497
2022-08,Southlake,237
2022-08,Houston,245
2022-08,Weslaco,191
2022-08,Sugar Land,114
2022-08,Haltom City,405
2022-08,Rockwall,449
2022-08,Eagle Pass,186
2022-08,DeSoto,43
2022-08,Longview,115
2022-08,Brownwood,126
2022-08,Richardson,160
2022-08,Irving,295
2022-08,Port Arthur,279
2022-08,Grand Prairie,384
2022-08,Abilene,94
2022-08,Fort Worth,345
2022-08,Lufkin,89
2022-08,Galveston,210
2022-08,Round Rock,54
2022-08,Mission,142
2022-08,Alamo,420
2022-08,Friendswood,449
2022-08,Brownsville,98
2022-08,Carrollton,124
2022-08,Missouri City,148
2022-08,Lewisville,311
2022-08,McKinney,441
2022-08,Midland,321
2022-08,Mansfield,404
2022-08,Mineral Wells,177
2022-08,McAllen,347
2022-08,New Braunfels,207
2022-08,Waxahachie,264
2022-08,San Marcos,276
2022-08,Amarillo,85
2022-08,Schertz,68
2022-08,Tyler,79
2022-08,Harlingen,285
2022-08,Farmers Branch,531
2022-08,Grapevine,240
2022-08,Frisco,54
2022-08,Pasadena,589
2022-08,Austin,210
2022-08,Denton,175
2022-08,Victoria,134
2022-08,Alice,437
2022-08,Sherman,244
2022-08,Burleson,74
2022-08,El Paso,82
2022-08,Del Rio,122
2022-08,League City,318
2022-08,Edinburg,118
2022-08,Cedar Park,48
2022-08,Flower Mound,90
2022-08,Lancaster,120
2022-08,Canyon,148
2022-08,Little Elm,85
2022-08,Rosenberg,246
2022-08,Pflugerville,212
2022-08,Arlington,174
2022-08,Texas City,166
2022-08,Allen,317
2022-08,North Richland Hills,224
2022-09,Georgetown,326
2022-09,Harlingen,78
2022-09,Abilene,41
2022-09,Pearland,204
2022-09,Corpus Christi,90
2022-09,Bryan,144
2022-09,Longview,141
2022-09,Galveston,382
2022-09,Mesquite,224
2022-09,Tyler,239
2022-09,Cedar Park,208
2022-09,Port Arthur,532
2022-09,Hurst,261
2022-09,Mission,24
2022-09,Farmers Branch,147
2022-09,North Richland Hills,52
2022-09,College Station,361
2022-09,Lewisville,145
2022-09,Weslaco,72
2022-09,San Angelo,261
2022-09,Fort Worth,105
2022-09,Eagle Pass,337
2022-09,McKinney,228
2022-09,McAllen,89
2022-09,Grand Prairie,51
2022-09,Plano,126
2022-09,Southlake,22
2022-09,Conroe,48
2022-09,Lake Jackson,201
2022-09,Allen,66
2022-09,Frisco,75
2022-09,Del Rio,316
2022-09,Friendswood,237
2022-09,Haltom City,140
2022-09,Huntsville,246
2022-09,Seguin,126
2022-09,Irving,60
2022-09,Lubbock,158
2022-09,Baytown,44
2022-09,Killeen,33
2022-09,Texas City,56
2022-09,San Marcos,38
2022-09,Mineral Wells,620
2022-09,Cleburne,369
2022-09,New Braunfels,120
2022-09,Mansfield,57
2022-09,Amarillo,243
2022-09,League City,391
2022-09,El Paso,281
2022-09,Grapevine,69
2022-09,Rowlett,99
2022-09,Coppell,33
2022-09,Rosenberg,93
2022-09,Odessa,304
2022-09,Waxahachie,16
2022-09,Big Spring,565
2022-09,Pflugerville,413
2022-09,Kerrville,67
2022-09,Dallas,197
2022-09,Rockwall,105
2022-09,Missouri City,95
2022-09,Temple,575
2022-09,San Antonio,84
2022-09,Arlington,153
2022-09,Schertz,102
2022-09,Midland,111
2022-09,Pasadena,327
2022-09,Angleton,440
2022-09,Lufkin,125
2022-09,Carrollton,219
2022-09,Brownwood,144
2022-09,Brownsville,452
2022-09,Little Elm,109
2022-09,Richardson,356
2022-09,Victoria,144
2022-09,La Porte,233
2022-09,Austin,40
2022-09,Pharr,53
2022-09,Flower Mound,98
2022-09,Edinburg,172
2022-10,Pharr,54
2022-10,McKinney,266
2022-10,Pflugerville,415
2022-10,Rosenberg,56
2022-10,San Marcos,204
2022-10,Georgetown,41
2022-10,Austin,193
2022-10,Sherman,141
2022-10,Richardson,216
2022-10,Odessa,179
2022-10,Denton,51
2022-10,Lake Jackson,68
2022-10,Seguin,20
2022-10,Plano,150
2022-10,Flower Mound,216
2022-10,Frisco,102
2022-10,Weatherford,268
2022-10,Waco,216
2022-10,Lufkin,232
2022-10,Midland,210
2022-10,Rockwall,75
2022-10,Longview,128
2022-10,North Richland Hills,185
2022-10,Alice,240
2022-10,Harlingen,79
2022-10,San Angelo,215
2022-10,Galveston,200
2022-10,Euless,188
2022-10,Corpus Christi,64
2022-10,Bedford,212
2022-10,Grand Prairie,269
2022-10,Killeen,110
2022-10,La Porte,16
2022-10,Victoria,180
2022-10,Port Arthur,203
2022-10,Big Spring,172
2022-10,Schertz,291
2022-10,Conroe,39
2022-10,Weslaco,286
2022-10,Sugar Land,247
2022-10,Waxahachie,264
2022-10,Alamo,44
2022-10,Little Elm,244
2022-10,Mansfield,100
2022-10,Amarillo,56
2022-10,Cleburne,459
2022-10,Allen,31
2022-10,Garland,254
2022-10,Friendswood,86
2022-10,New Braunfels,72
2022-10,Fort Worth,726
2022-10,Del Rio,317
2022-10,Mineral Wells,359
2022-10,Houston,395
2022-10,DeSoto,414
2022-10,Canyon,173
2022-10,Carrollton,80
2022-10,Farmers Branch,50
2022-10,Lubbock,248
2022-10,Pearland,70
2022-10,Nacogdoches,184
2022-10,Mesquite,411
2022-10,Cedar Park,214
2022-10,Missouri City,623
2022-10,Angleton,372
2022-10,Southlake,150
2022-10,Lewisville,128
2022-10,Hurst,44
2022-10,Pasadena,36
2022-10,Brownsville,397
2022-10,Burleson,310
2022-10,Kerrville,166
2022-10,Eagle Pass,266
2022-10,League City,434
2022-10,Edinburg,98
2022-10,Bryan,186
2022-10,Laredo,152
2022-10,Coppell,350
2022-10,Irving,27
2022-10,Mission,114
2022-10,Huntsville,476
2022-10,Brownwood,152
2022-10,Dallas,58
2022-10,College Station,303
2022-10,Baytown,624
2022-11,Conroe,445
2022-11,Little Elm,336
2022-11,Port Arthur,2001
2022-11,Amarillo,298
2022-11,Bryan,281
2022-11,McAllen,174
2022-11,Southlake,1383
2022-11,Cedar Park,380
2022-11,Pasadena,418
2022-11,Georgetown,127
2022-11,North Richland Hills,690
2022-11,Brownsville,205
2022-11,Del Rio,760
2022-11,Denton,332
2022-11,Kerrville,176
2022-11,Haltom City,213
2022-11,Alice,305
2022-11,Alamo,472
2022-11,Allen,53
2022-11,Mission,34
2022-11,Killeen,249
2022-11,Midland,148
2022-11,Houston,239
2022-11,Laredo,222
2022-11,Grand Prairie,238
2022-11,Odessa,168
2022-11,Hurst,698
2022-11,McKinney,159
2022-11,Sugar Land,1221
2022-11,Abilene,430
2022-11,Coppell,87
2022-11,Pharr,221
2022-11,Corpus Christi,230
2022-11,Schertz,3311
2022-11,Edinburg,120
2022-11,Flower Mound,772
2022-11,Fort Worth,39
2022-11,Friendswood,301
2022-11,Weatherford,1720
2022-11,San Angelo,968
2022-11,Missouri City,360
2022-11,Round Rock,2212
2022-11,Pflugerville,434
2022-11,Frisco,458
2022-11,Mansfield,93
2022-11,Bedford,267
2022-11,Lubbock,34
2022-11,Irving,486
2022-11,Longview,60
2022-11,Baytown,517
2022-11,Mineral Wells,104
2022-11,Euless,466
2022-11,Temple,1890
2022-11,Harlingen,479
2022-11,Rowlett,1221
2022-11,Brownwood,57
2022-11,New Braunfels,582
2022-11,Rockwall,1522
2022-11,Mesquite,154
2022-11,Tyler,1190
2022-11,Canyon,160
2022-11,Cleburne,273
2022-11,Arlington,20
2022-11,Nacogdoches,346
2022-11,Lufkin,64
2022-11,Galveston,289
2022-11,Weslaco,2571
2022-11,Carrollton,458
2022-11,Pearland,274
2022-11,Lewisville,188
2022-11,Dallas,26
2022-11,Waco,1664
2022-11,Sherman,1748
2022-11,Farmers Branch,84
2022-11,Grapevine,753
2022-11,Plano,2323
2022-11,Richardson,1703
2022-11,La Porte,237
2022-11,League City,247
2022-11,Rosenberg,1423
2022-11,Texas City,2181
2022-11,Lake Jackson,251
2022-11,San Marcos,1435
2022-11,College Station,400
2022-11,San Antonio,1713
2022-11,DeSoto,378
2022-11,Victoria,853
2022-11,Lancaster,305
2022-11,Waxahachie,2980
2022-11,El Paso,249
2022-11,Eagle Pass,413
2022-11,Huntsville,402
2022-11,Seguin,1599
2022-11,Angleton,371
2022-11,Garland,96
2022-12,Angleton,268
2022-12,Cedar Park,221
2022-12,La Porte,642
2022-12,Pharr,220
2022-12,Schertz,1902
2022-12,Lake Jackson,208
2022-12,Garland,309
2022-12,Canyon,72
2022-12,Temple,1527
2022-12,San Marcos,1190
2022-12,Seguin,1861
2022-12,Odessa,64
2022-12,Brownsville,334
2022-12,Grand Prairie,929
2022-12,Sherman,754
2022-12,Mineral Wells,667
2022-12,Arlington,193
2022-12,Harlingen,102
2022-12,San Antonio,1910
2022-12,Allen,345
2022-12,San Angelo,2032
2022-12,Abilene,560
2022-12,Friendswood,349
2022-12,Coppell,222
2022-12,Denton,601
2022-12,Brownwood,411
2022-12,Euless,91
2022-12,Bedford,287
2022-12,Rosenberg,1388
2022-12,Texas City,1630
2022-12,Midland,289
2022-12,Alamo,417
2022-12,Laredo,179
2022-12,Port Arthur,1523
2022-12,Pearland,555
2022-12,Sugar Land,1526
2022-12,Weatherford,1628
2022-12,Round Rock,2231
2022-12,McAllen,108
2022-12,Richardson,1934
2022-12,Flower Mound,726
2022-12,Little Elm,90
2022-12,Georgetown,299
2022-12,El Paso,123
2022-12,Longview,44
2022-12,Amarillo,41
2022-12,Alice,365
2022-12,Victoria,1530
2022-12,Weslaco,4313
2022-12,Huntsville,214
2022-12,Big Spring,284
2022-12,League City,157
2022-12,Corpus Christi,215
2022-12,Kerrville,249
2022-12,Southlake,688
2022-12,Lewisville,111
2022-12,DeSoto,233
2022-12,McKinney,208
2022-12,Lubbock,451
2022-12,Burleson,390
2022-12,Haltom City,583
2022-12,Rockwall,1142
2022-12,Tyler,1723
2022-12,Farmers Branch,465
2022-12,Eagle Pass,393
2022-12,Fort Worth,104
2022-12,Killeen,132
2022-12,Mission,271
2022-12,New Braunfels,37
2022-12,Baytown,82
2022-12,Bryan,432
2022-12,Lancaster,344
2022-12,Frisco,222
2022-12,Mesquite,227
2022-12,Hurst,128
2022-12,North Richland Hills,98
2022-12,Del Rio,381
2022-12,Galveston,249
2022-12,Houston,294
2022-12,Dallas,315
2022-12,Lufkin,282
2022-12,Conroe,607
2022-12,Mansfield,153
2022-12,Plano,1046
2022-12,Missouri City,236
2022-12,Rowlett,1274
2022-12,Pflugerville,183
2022-12,Waco,445
2022-12,Grapevine,136
2022-12,Nacogdoches,187
2022-12,Waxahachie,3320
2022-12,Austin,20
2022-12,Carrollton,127
2022-12,Cleburne,148
2022-12,Edinburg,616
2023-01,Texas City,261
2023-01,Corpus Christi,130
2023-01,Longview,91
2023-01,Bryan,150
2023-01,La Porte,107
2023-01,Abilene,243
2023-01,Waco,134
2023-01,Victoria,228
2023-01,Weatherford,556
2023-01,Baytown,23
2023-01,Lancaster,383
2023-01,McKinney,61
2023-01,Round Rock,266
2023-01,Missouri City,198
2023-01,Angleton,103
2023-01,San Marcos,162
2023-01,Weslaco,164
2023-01,Brownwood,55
2023-01,Lewisville,17
2023-01,Temple,87
2023-01,Waxahachie,371
2023-01,Farmers Branch,114
2023-01,Coppell,234
2023-01,Mansfield,60
2023-01,Rockwall,63
2023-01,Amarillo,174
2023-01,Pasadena,40
2023-01,Galveston,70
2023-01,Huntsville,76
2023-01,Rowlett,234
2023-01,College Station,129
2023-01,Cleburne,35
2023-01,Rosenberg,180
2023-01,Little Elm,99
2023-01,Midland,29
2023-01,Sherman,65
2023-01,McAllen,186
2023-01,Edinburg,156
2023-01,Burleson,240
2023-01,Laredo,72
2023-01,Pflugerville,54
2023-01,Lubbock,75
2023-01,Richardson,405
2023-01,Nacogdoches,129
2023-02,Fort Worth,134
2023-02,Tyler,120
2023-02,League City,475
2023-02,El Paso,162
2023-02,Farmers Branch,387
2023-02,Carrollton,107
2023-02,La Porte,74
2023-02,Grapevine,111
2023-02,Coppell,156
2023-02,McKinney,222
2023-02,Brownsville,165
2023-02,Killeen,138
2023-02,McAllen,81
2023-02,Nacogdoches,163
2023-02,Arlington,221
2023-02,Cleburne,39
2023-02,Plano,226
2023-02,New Braunfels,120
2023-02,Rockwall,156
2023-02,Port Arthur,135
2023-02,Lufkin,114
2023-02,San Angelo,46
2023-02,Canyon,67
2023-02,Richardson,59
2023-02,Bryan,277
2023-02,Irving,102
2023-02,Little Elm,101
2023-02,Del Rio,210
2023-02,Georgetown,309
2023-02,Odessa,30
2023-02,Pflugerville,202
2023-02,Hurst,158
2023-02,Grand Prairie,226
2023-02,Rowlett,129
2023-02,Eagle Pass,86
2023-02,Dallas,177
2023-02,Garland,255
2023-02,Huntsville,134
2023-02,Texas City,22
2023-02,North Richland Hills,216
2023-02,Allen,255
2023-03,Allen,42
2023-03,Eagle Pass,249
2023-03,Frisco,117
2023-03,Haltom City,46
2023-03,Plano,23
2023-03,Cleburne,57
2023-03,Houston,116
2023-03,Edinburg,255
2023-03,San Marcos,192
2023-03,Pearland,102
2023-03,Rowlett,43
2023-03,Tyler,294
2023-03,Dallas,60
2023-03,Grapevine,170
2023-03,Killeen,310
2023-03,DeSoto,307
2023-03,Odessa,102
2023-03,Southlake,118
2023-03,Carrollton,117
2023-03,Waxahachie,375
2023-03,League City,17
2023-03,Longview,42
2023-03,Port Arthur,66
2023-03,North Richland Hills,164
2023-03,Seguin,252
2023-03,Cedar Park,142
2023-03,Temple,26
2023-03,McKinney,74
2023-03,San Angelo,170
2023-03,Waco,137
2023-03,Mineral Wells,194
2023-03,Lake Jackson,74
2023-03,Pharr,192
2023-03,Burleson,66
2023-03,Sugar Land,150
2023-03,Galveston,49
2023-03,Big Spring,136
2023-03,Weatherford,39
2023-03,Canyon,58
2023-03,Brownwood,308
2023-03,Schertz,21
2023-03,Lancaster,19
2023-03,Rockwall,146
2023-03,Richardson,374
2023-03,Weslaco,463
2023-03,Brownsville,185
2023-04,Weatherford,393
2023-04,Coppell,47
2023-04,Georgetown,27
2023-04,Seguin,80
2023-04,Bedford,57
2023-04,Corpus Christi,45
2023-04,San Angelo,323
2023-04,Missouri City,105
2023-04,Baytown,315
2023-04,Frisco,62
2023-04,Edinburg,55
2023-04,Schertz,121
2023-04,Plano,159
2023-04,Round Rock,192
2023-04,Harlingen,44
2023-04,Hurst,37
2023-04,San Marcos,26
2023-04,Southlake,120
2023-04,Rockwall,45
2023-04,Alice,92
2023-04,Lewisville,25
2023-04,New Braunfels,278
2023-04,Angleton,30
2023-04,Friendswood,31
2023-04,Haltom City,192
2023-04,Garland,58
2023-04,Tyler,130
2023-04,Waxahachie,446
2023-04,Laredo,76
2023-04,Weslaco,102
2023-04,Nacogdoches,50
2023-04,Port Arthur,104
2023-04,Houston,88
2023-04,Burleson,206
2023-04,Little Elm,324
2023-04,Grand Prairie,47
2023-04,Texas City,232
2023-04,Rowlett,68
2023-04,Lufkin,211
2023-04,Waco,53
2023-04,McKinney,51
2023-04,La Porte,129
2023-04,Flower Mound,230
2023-04,Pharr,42
2023-04,Mesquite,92
2023-04,Richardson,57
2023-04,Irving,148
2023-04,Midland,234
2023-05,Plano,196
2023-05,North Richland Hills,58
2023-05,Arlington,44
2023-05,Sherman,159
2023-05,Edinburg,313
2023-05,Del Rio,68
2023-05,San Angelo,43
2023-05,Flower Mound,242
2023-05,Port Arthur,165
2023-05,Baytown,198
2023-05,Amarillo,144
2023-05,Denton,156
2023-05,Sugar Land,438
2023-05,Bedford,191
2023-05,McKinney,294
2023-05,Alamo,19
2023-05,Irving,324
2023-05,Cleburne,304
2023-05,Pasadena,46
2023-05,Kerrville,129
2023-05,Hurst,29
2023-05,Laredo,31
2023-05,San Marcos,148
2023-05,Frisco,75
2023-05,Southlake,93
2023-05,Haltom City,80
2023-05,Longview,117
2023-05,Texas City,71
2023-05,Victoria,237
2023-05,Waco,85
2023-05,Lufkin,44
2023-05,Harlingen,171
2023-05,Round Rock,152
2023-05,Rosenberg,387
2023-05,Lancaster,90
2023-05,Euless,189
2023-05,Pharr,245
2023-05,Abilene,696
2023-05,Weslaco,73
2023-05,Rowlett,232
2023-05,Garland,210
2023-05,Dallas,78
2023-05,Brownsville,186
2023-05,Fort Worth,171
2023-05,El Paso,56
2023-05,Eagle Pass,195
2023-05,Grand Prairie,304
2023-06,Round Rock,393
2023-06,Waco,46
2023-06,Laredo,204
2023-06,Weslaco,59
2023-06,Sherman,108
2023-06,Fort Worth,246
2023-06,Corpus Christi,189
2023-06,Midland,142
2023-06,Longview,201
2023-06,Rowlett,104
2023-06,Nacogdoches,38
2023-06,Schertz,189
2023-06,Victoria,156
2023-06,San Marcos,213
2023-06,Edinburg,104
2023-06,Amarillo,85
2023-06,Farmers Branch,216
2023-06,Pearland,31
2023-06,Sugar Land,123
2023-06,Rosenberg,32
2023-06,Flower Mound,66
2023-06,Conroe,42
2023-06,Mission,162
2023-06,Port Arthur,364
2023-06,Brownsville,174
2023-06,Southlake,40
2023-06,Plano,147
2023-06,Huntsville,249
2023-06,Big Spring,246
2023-06,Lancaster,108
2023-06,Weatherford,392
2023-06,Houston,32
2023-06,Lufkin,135
2023-06,Killeen,33
2023-06,Texas City,341
2023-06,Cedar Park,114
2023-06,Denton,184
2023-06,Canyon,362
2023-06,North Richland Hills,150
2023-06,Allen,352
2023-06,Tyler,168
2023-06,Seguin,169
2023-06,San Angelo,308
2023-06,Lake Jackson,243
2023-07,Mansfield,354
2023-07,Carrollton,81
2023-07,Port Arthur,115
2023-07,Rockwall,340
2023-07,McKinney,47
2023-07,Mesquite,84
2023-07,Victoria,60
2023-07,College Station,50
2023-07,Amarillo,42
2023-07,Edinburg,50
2023-07,Houston,47
2023-07,Irving,16
2023-07,Little Elm,107
2023-07,La Porte,105
2023-07,League City,61
2023-07,Big Spring,56
2023-07,Bryan,47
2023-07,Laredo,195
2023-07,Alice,248
2023-07,Lufkin,132
2023-07,Pearland,126
2023-07,Garland,23
2023-07,Southlake,397
2023-07,San Angelo,50
2023-07,Grapevine,330
2023-07,Denton,94
2023-07,Fort Worth,80
2023-07,Brownsville,174
2023-07,Grand Prairie,258
2023-07,Weslaco,339
2023-07,Hurst,172
2023-07,Nacogdoches,140
2023-07,North Richland Hills,46
2023-07,Plano,412
2023-07,Texas City,136
2023-07,Arlington,102
2023-07,Weatherford,71
2023-07,Missouri City,42
2023-07,San Marcos,269
2023-07,Sugar Land,22
2023-07,Burleson,258
2023-07,Galveston,253
2023-07,Tyler,119
2023-07,Killeen,32
2023-07,Kerrville,42
2023-07,Bedford,183
2023-07,Georgetown,312
2023-07,New Braunfels,219
2023-08,Allen,72
2023-08,Dallas,116
2023-08,Weslaco,120
2023-08,Pharr,491
2023-08,Lancaster,252
2023-08,Canyon,130
2023-08,Waco,228
2023-08,Coppell,374
2023-08,Haltom City,137
2023-08,Harlingen,269
2023-08,Sugar Land,405
2023-08,Pasadena,634
2023-08,Frisco,346
2023-08,Flower Mound,43
2023-08,Farmers Branch,226
2023-08,Grand Prairie,184
2023-08,Odessa,315
2023-08,College Station,530
2023-08,Alice,172
2023-08,Pflugerville,246
2023-08,Angleton,114
2023-08,Austin,360
2023-08,Burleson,72
2023-08,Mesquite,176
2023-08,Conroe,130
2023-08,Euless,138
2023-08,Brownwood,68
2023-08,Plano,287
2023-08,Corpus Christi,293
2023-08,Eagle Pass,328
2023-08,Killeen,98
2023-08,El Paso,90
2023-08,Bedford,180
2023-08,San Marcos,108
2023-08,Baytown,68
2023-08,Georgetown,383
2023-08,Brownsville,211
2023-08,Cedar Park,291
2023-08,Lewisville,53
2023-08,Mission,349
2023-08,North Richland Hills,376
2023-08,Kerrville,98
2023-08,Texas City,101
2023-08,League City,109
2023-08,Southlake,204
2023-08,Galveston,201
2023-08,Amarillo,182
2023-08,Midland,276
2023-08,McAllen,440
2023-08,Weatherford,52
2023-08,Abilene,423
2023-08,Little Elm,562
2023-08,Victoria,57
2023-08,Garland,572
2023-08,La Porte,491
2023-08,Carrollton,162
2023-08,Waxahachie,190
2023-08,Nacogdoches,191
2023-08,Temple,116
2023-08,Pearland,76
2023-08,Laredo,584
2023-08,DeSoto,263
2023-08,Cleburne,122
2023-08,Sherman,71
2023-08,McKinney,116
2023-08,Lufkin,220
2023-08,San Antonio,150
2023-08,Rosenberg,72
2023-08,New Braunfels,174
2023-08,Edinburg,42
2023-08,Bryan,423
2023-08,Longview,252
2023-08,Port Arthur,273
2023-08,Rowlett,234
2023-08,Del Rio,164
2023-08,Fort Worth,522
2023-08,Denton,304
2023-08,Huntsville,368
2023-08,Arlington,183
2023-08,Alamo,103
2023-09,Allen,73
2023-09,Huntsville,78
2023-09,Bryan,35
2023-09,Temple,320
2023-09,Dallas,63
2023-09,Fort Worth,504
2023-09,El Paso,354
2023-09,Seguin,111
2023-09,Richardson,169
2023-09,Euless,105
2023-09,Plano,117
2023-09,Odessa,443
2023-09,Houston,394
2023-09,Grand Prairie,361
2023-09,Carrollton,207
2023-09,Sugar Land,118
2023-09,Lewisville,79
2023-09,Killeen,19
2023-09,San Angelo,62
2023-09,Brownwood,123
2023-09,Schertz,104
2023-09,Irving,72
2023-09,Weatherford,275
2023-09,Mesquite,177
2023-09,Alice,37
2023-09,Farmers Branch,148
2023-09,Laredo,93
2023-09,Mission,207
2023-09,Arlington,282
2023-09,Big Spring,322
2023-09,Angleton,338
2023-09,Grapevine,331
2023-09,Sherman,75
2023-09,Abilene,611
2023-09,Texas City,291
2023-09,Rockwall,229
2023-09,Garland,204
2023-09,Alamo,197
2023-09,Frisco,274
2023-09,Eagle Pass,168
2023-09,Pflugerville,60
2023-09,Kerrville,96
2023-09,Southlake,203
2023-09,San Antonio,339
2023-09,Lufkin,242
2023-09,McAllen,313
2023-09,Brownsville,60
2023-09,New Braunfels,64
2023-09,Baytown,279
2023-09,Harlingen,386
2023-09,North Richland Hills,215
2023-09,Cedar Park,189
2023-09,Georgetown,485
2023-09,La Porte,273
2023-09,Port Arthur,543
2023-09,Hurst,321
2023-09,Weslaco,207
2023-09,Pharr,71
2023-09,Amarillo,670
2023-09,Cleburne,136
2023-09,DeSoto,94
2023-09,Lubbock,134
2023-09,Denton,452
2023-09,Lake Jackson,458
2023-09,Midland,66
2023-09,Del Rio,61
2023-09,Rowlett,30
2023-09,Conroe,288
2023-09,Haltom City,252
2023-09,Nacogdoches,68
2023-09,Canyon,51
2023-09,Waxahachie,260
2023-09,Mansfield,390
2023-09,Galveston,321
2023-09,Friendswood,177
2023-09,Little Elm,295
2023-09,League City,56
2023-09,Lancaster,63
2023-09,Corpus Christi,623
2023-09,Tyler,142
2023-10,Denton,688
2023-10,Missouri City,72
2023-10,Canyon,162
2023-10,Frisco,189
2023-10,Round Rock,74
2023-10,Burleson,499
2023-10,Longview,162
2023-10,Kerrville,82
2023-10,Friendswood,257
2023-10,Cedar Park,245
2023-10,Little Elm,84
2023-10,Hurst,433
2023-10,Mansfield,61
2023-10,Sugar Land,201
2023-10,El Paso,305
2023-10,Sherman,107
2023-10,Mission,243
2023-10,Rowlett,67
2023-10,Euless,339
2023-10,Pflugerville,75
2023-10,Richardson,204
2023-10,Big Spring,237
2023-10,Farmers Branch,66
2023-10,Temple,69
2023-10,Victoria,73
2023-10,League City,52
2023-10,San Marcos,207
2023-10,Lewisville,402
2023-10,Pasadena,263
2023-10,Huntsville,25
2023-10,Rockwall,227
2023-10,Garland,243
2023-10,Lake Jackson,17
2023-10,Del Rio,126
2023-10,Nacogdoches,431
2023-10,Carrollton,108
2023-10,Southlake,218
2023-10,Angleton,36
2023-10,Irving,221
2023-10,Harlingen,200
2023-10,Eagle Pass,251
2023-10,Corpus Christi,255
2023-10,Georgetown,88
2023-10,Allen,24
2023-10,San Angelo,420
2023-10,Galveston,173
2023-10,McKinney,135
2023-10,Lancaster,356
2023-10,Pearland,267
2023-10,Pharr,196
2023-10,Fort Worth,349
2023-10,College Station,422
2023-10,Arlington,469
2023-10,Lubbock,334
2023-10,Alamo,709
2023-10,Seguin,336
2023-10,Edinburg,453
2023-10,San Antonio,150
2023-10,Austin,124
2023-10,Grapevine,444
2023-10,Midland,42
2023-10,Dallas,388
2023-10,DeSoto,510
2023-10,Alice,43
2023-10,Brownsville,64
2023-10,Amarillo,216
2023-10,Flower Mound,54
2023-10,New Braunfels,280
2023-10,La Porte,258
2023-10,Mineral Wells,381
2023-10,Cleburne,168
2023-10,Abilene,136
2023-10,Plano,333
2023-10,North Richland Hills,255
2023-10,McAllen,186
2023-10,Coppell,311
2023-10,Grand Prairie,343
2023-10,Conroe,379
2023-10,Waxahachie,75
2023-11,Del Rio,173
2023-11,Huntsville,234
2023-11,Angleton,208
2023-11,Houston,444
2023-11,Georgetown,180
2023-11,North Richland Hills,159
2023-11,Bedford,327
2023-11,Mesquite,993
2023-11,Harlingen,322
2023-11,Brownwood,983
2023-11,McKinney,668
2023-11,Seguin,1647
2023-11,McAllen,365
2023-11,Haltom City,309
2023-11,Victoria,1419
2023-11,Hurst,54
2023-11,Longview,490
2023-11,San Marcos,1379
2023-11,Pasadena,106
2023-11,Plano,2316
2023-11,Big Spring,456
2023-11,San Antonio,2416
2023-11,Austin,306
2023-11,Lancaster,145
2023-11,Burleson,37
2023-11,La Porte,264
2023-11,Tyler,1211
2023-11,Alamo,99
2023-11,Temple,1841
2023-11,Round Rock,1372
2023-11,Nacogdoches,75
2023-11,Lake Jackson,171
2023-11,Pearland,139
2023-11,Bryan,396
2023-11,Odessa,512
2023-11,Southlake,1761
2023-11,Laredo,805
2023-11,Galveston,135
2023-11,Frisco,138
2023-11,Carrollton,487
2023-11,Garland,279
2023-11,Midland,362
2023-11,Waxahachie,4105
2023-11,Rowlett,1271
2023-11,League City,270
2023-11,Waco,1301
2023-11,Conroe,266
2023-11,Killeen,317
2023-11,Farmers Branch,347
2023-11,Little Elm,423
2023-11,Grapevine,160
2023-11,Canyon,295
2023-11,Lufkin,153
2023-11,Allen,384
2023-11,Eagle Pass,508
2023-11,Lubbock,645
2023-11,Rosenberg,1277
2023-11,Pflugerville,153
2023-11,Cleburne,236
2023-11,Sugar Land,2255
2023-11,Schertz,1332
2023-11,San Angelo,2013
2023-11,Corpus Christi,127
2023-11,Missouri City,162
2023-11,Denton,94
2023-11,Euless,226
2023-11,Weslaco,4039
2023-11,Abilene,49
2023-11,Mission,201
2023-11,Amarillo,34
2023-11,Edinburg,226
2023-11,Lewisville,50
2023-11,DeSoto,658
2023-11,Sherman,2063
2023-11,Cedar Park,223
2023-11,Kerrville,368
2023-11,Pharr,194
2023-11,Richardson,1065
2023-11,Rockwall,1297
2023-11,Grand Prairie,662
2023-11,Fort Worth,146
2023-11,Irving,151
2023-11,Weatherford,278
2023-11,Coppell,612
2023-11,Baytown,334
2023-11,Dallas,226
2023-11,Friendswood,247
2023-11,El Paso,352
2023-11,Arlington,369
2023-11,Brownsville,156
2023-11,Texas City,1608
2023-11,Port Arthur,2101
2023-11,Mineral Wells,291
2023-11,Mansfield,579
2023-11,Flower Mound,342
2023-12,Frisco,175
2023-12,Georgetown,410
2023-12,Bedford,42
2023-12,McKinney,664
2023-12,Weatherford,1656
2023-12,Rockwall,2911
2023-12,Conroe,214
2023-12,Rosenberg,1479
2023-12,Cleburne,29
2023-12,Texas City,1618
2023-12,Tyler,1649
2023-12,Lufkin,148
2023-12,Haltom City,1030
2023-12,Houston,342
2023-12,Killeen,136
2023-12,Huntsville,356
2023-12,Farmers Branch,141
2023-12,Southlake,1590
2023-12,Midland,215
2023-12,Garland,350
2023-12,Richardson,1797
2023-12,Sugar Land,2188
2023-12,Laredo,54
2023-12,Rowlett,1318
2023-12,Round Rock,1301
2023-12,Brownwood,644
2023-12,San Angelo,1827
2023-12,Carrollton,80
2023-12,Mesquite,368
2023-12,San Marcos,1707
2023-12,Del Rio,619
2023-12,Arlington,877
2023-12,Alamo,196
2023-12,Temple,1069
2023-12,Seguin,1182
2023-12,McAllen,39
2023-12,Mansfield,371
2023-12,Dallas,464
2023-12,Big Spring,246
2023-12,Grapevine,290
2023-12,Canyon,441
2023-12,Kerrville,364
2023-12,DeSoto,716
2023-12,Galveston,194
2023-12,Cedar Park,381
2023-12,Waxahachie,3043
2023-12,North Richland Hills,490
2023-12,Lewisville,357
2023-12,Missouri City,68
2023-12,Odessa,397
2023-12,Lancaster,369
2023-12,Alice,222
2023-12,Mineral Wells,164
2023-12,Waco,1044
2023-12,Flower Mound,92
2023-12,Corpus Christi,783
2023-12,Brownsville,292
2023-12,Lubbock,369
2023-12,La Porte,69
2023-12,League City,215
2023-12,Allen,217
2023-12,Burleson,318
2023-12,Harlingen,154
2023-12,Edinburg,132
2023-12,Mission,69
2023-12,Amarillo,470
2023-12,Euless,560
2023-12,Hurst,209
2023-12,Nacogdoches,356
2023-12,Abilene,715
2023-12,Weslaco,4533
2023-12,Friendswood,138
2023-12,Victoria,2269
2023-12,New Braunfels,401
2023-12,El Paso,769
2023-12,Pasadena,433
2023-12,Longview,330
2023-12,Schertz,2244
2023-12,Angleton,434
2023-12,Austin,168
2023-12,Little Elm,399
2023-12,Irving,60
2023-12,Port Arthur,1539
2023-12,Denton,55
2023-12,Sherman,1983
2023-12,Baytown,253
2023-12,San Antonio,1686
2023-12,Grand Prairie,215
2023-12,Pflugerville,333
2023-12,Eagle Pass,470
2023-12,Pharr,198
2023-12,Plano,1717
2023-12,Pearland,190
2023-12,Coppell,150
2023-12,Lake Jackson,63
